2850 5024
682 382 742 442 112

167 577 240 643 Non
255 579 351 664 igitur
365 601 624 664 supervacaneum
643 579 776 664 amplius
790 578 830 642 de
846 586 970 642 auctore
986 599 1142 662 quaerere.
1174 576 1253 642 Nam

167 690 280 776 reliqui
302 691 485 776 interpretes
510 691 561 754 viu
584 713 693 776 operae
717 691 850 776 pretium
873 689 1050 754 habuerunt
1071 688 1254 753 seutentiam

165 823 269 878 suam,
293 823 356 885 qua
379 799 504 886 Lysiam
526 802 674 866 orationis
697 809 852 866 auctorem
868 807 983 886 negant
997 822 1075 878 esse,
1093 821 1253 884 argumen-

165 912 205 975 tis
228 911 385 975 adstruere
393 937 403 989 ;
420 912 486 997 ipse
501 911 599 997 igitur
612 935 765 997 apponam
780 934 859 997 quae
874 920 1016 997 suspecta
1031 933 1097 974 esse
1111 918 1252 996 possunt.

208 1021 394 1106 longiorem
423 1021 526 1086 locum
556 1022 724 1087 exscribere
754 1044 861 1107 cogor,
884 1029 921 1086 ut
943 1021 981 1085 do
1005 1020 1109 1085 subita
1131 1044 1254 1086 conver-

163 1133 249 1197 sione
279 1139 311 1197 et
338 1134 470 1198 transitu
499 1133 538 1198 ad
561 1133 726 1198 seeundum
755 1156 915 1220 personam
938 1139 1067 1197 constet.
1098 1134 1116 1217 q
1141 1134 1171 1196 1.
1194 1133 1252 1211 ε’γίι

163 1244 233 1323 μέν,
261 1240 284 1308 ὦ
309 1241 408 1325 ι’ίνθρες
438 1245 594 1328 θικασταί,
625 1244 676 1308 καί
708 1246 787 1323 ὑμᾶς
811 1247 951 1322 αἰτοῦμαι
973 1244 1015 1309 τοὶ
1037 1244 1136 1308 δίκαια
1157 1241 1253 1325 ψηφί·

164 1357 290 1430 σασθαι,
314 1356 363 1420 καί
386 1362 442 1420 τῶν
463 1362 637 1437 στρατηγῶν
659 1354 777 1433 δέομαι,
799 1355 863 1420 ε’τεί
885 1356 935 1420 καί
958 1357 988 1420 ἕν
1009 1364 1047 1435 τῇ
1069 1353 1151 1436 ἄλλη
1172 1356 1253 1436 σὶρχή

164 1474 275 1532 τολλοῦ
303 1466 377 1543 ἄξιοι
406 1477 444 1548 τῇ
473 1465 555 1530 τίλει
578 1466 738 1543 γεγόνασι,
762 1465 811 1530 καί
836 1467 977 1547 περὶτῶν
999 1475 1053 1540 τής
1071 1464 1217 1546 ιὶστρατεί
1240 1488 1252 1503 ·

163 1584 288 1660 γραφῶν
317 1577 421 1648 κοινοὺς
451 1572 522 1642 εἶναι
550 1578 590 1657 τῷ
613 1601 647 1641 τε
670 1577 795 1641 διοίκοντι
817 1577 868 1641 καί
890 1579 932 1657 τῷ
954 1576 1114 1656 φεύγοντι,
1137 1577 1187 1640 καί
1211 1575 1254 1654 μή

162 1689 337 1768 βοηθοῦντας
366 1682 388 1769 ᾧ
417 1686 454 1752 θον
479 1687 688 1759 βούλωνται
711 1693 814 1752 τασαν
836 1688 994 1769 προθυμίαν
1017 1687 1096 1768 ἔχειν
1119 1685 1255 1768 παρίετο

162 1800 267 1866 δίκαιον
289 1800 368 1876 ὑμᾶς
390 1794 597 1880 ψηφίσασθαι,
616 1798 836 1876 ἐνθυμουμένους
855 1799 898 1862 ίτι
916 1797 1018 1880 σφοῒρ·
1037 1797 1074 1863 ἂν
1093 1801 1253 1877 ἠγανακ-

162 1919 277 1988 τεῖτε,
315 1911 339 1975 εί
370 1912 399 1975 ἐν
428 1918 466 1991 τή
497 1908 622 1992 ὑμετέρα
651 1909 806 1992 δοκιμασία
832 1911 856 1974 οἱ
887 1909 1055 1988 θεσμοθέται
1084 1907 1256 1987 σίναβσίντες

164 2024 258 2100 ὑμῶν
281 2021 387 2087 ἐδέοντο
410 2020 698 2101 καταψηφίσασθαι,
724 2019 875 2096 ἠγοθμενοι
897 2020 982 2085 δεινὸν
1005 2016 1094 2093 εἶναι,
1119 2025 1145 2087 εί
1164 2024 1188 2087 σί
1212 2047 1255 2088 τι·

162 2133 257 2205 θέντες
286 2133 335 2198 τὸν
360 2132 465 2210 οίγῶνα
487 2130 538 2194 καί
562 2132 615 2205 τήν
638 2136 739 2212 ψήφιν
762 2130 883 2202 διδόντες
906 2132 1175 2214 παρακελεύσονται
1199 2139 1257 2199 τῶν

162 2245 216 2324 μὲν
238 2244 281 2322 μή
306 2240 582 2328 [καταψηφίζεσθαι
605 2247 661 2306 τῶν
684 2242 727 2325 δὲ]
752 2241 1022 2323 καταψηφίζεσθαι.
1062 2245 1159 2309 Initio
1182 2244 1258 2311 allo·

160 2357 268 2442 quitur
290 2354 425 2442 iudices,
450 2351 488 2416 de
512 2351 704 2438 praesidibus
728 2351 834 2416 iudicii
858 2354 999 2438 strategis
1023 2354 1056 2418 in
1078 2356 1171 2419 tertia
1190 2377 1258 2441 per·

161 2491 238 2534 sona
265 2466 304 2530 ad
327 2487 378 2531 eos
402 2463 495 2528 verba
517 2463 631 2527 faciens
655 2463 828 2550 (γεγόνασι,
852 2465 1048 2550 βούλωνται),
1072 2475 1141 2531 tum
1163 2467 1259 2533 verba

159 2577 380 2658 ἐνθυμουμένους
401 2573 444 2641 ίτι
468 2575 624 2661 proterens
649 2575 752 2639 subito
776 2599 808 2640 se
831 2576 872 2641 ad
896 2577 978 2663 ipsos
1003 2581 1155 2644 convertit
1179 2586 1259 2645 stra·

161 2698 248 2778 tegos
278 2689 519 2774 (ἠγανακτεῖτε);
552 2686 656 2771 potius
689 2694 844 2772 exspectes
874 2689 1075 2766 ἠγανοίκτουν,
1107 2691 1131 2755 εί
1162 2691 1192 2755 ἒν
1218 2699 1259 2774 τή

164 2801 294 2885 σφετέρα
316 2798 480 2881 δοκιμασία.
527 2797 623 2862 Porro
650 2797 682 2861 in
710 2797 810 2862 verbis
834 2799 912 2876 ὑμῶν
935 2799 1041 2867 ἐδέοντο
1064 2807 1182 2883 καταψ.
1207 2824 1260 2887 ge·

163 2913 278 2978 nitivus
301 2910 415 2997 pendet
437 2932 500 2973 non
524 2908 562 2973 ab
583 2907 689 2973 ἐδέοντο
710 2908 763 2973 sed
779 2932 797 2972 a
811 2917 946 2994 καταψ,
968 2913 1120 2990 ἠγσιίμενοι
1140 2933 1260 2976 aeoom-

161 3023 320 3088 modatum
353 3029 400 3086 est
430 3021 469 3085 ad
501 3024 709 3098 ἠγανακτεῖτε.
756 3019 915 3086 Sententia
946 3023 1027 3088 enim
1058 3029 1161 3110 aperte
1183 3023 1260 3088 talis

162 3134 346 3220 requiritur:
377 3131 467 3210 „sitis
500 3131 591 3217 aequi
621 3130 737 3197 iudices
769 3138 800 3196 et
830 3131 921 3197 facite
943 3134 975 3197 id
999 3134 1083 3218 quod
1106 3139 1138 3199 si
1155 3141 1262 3201 vestra

161 3250 320 3329 „ipsorum
344 3264 438 3330 causa
461 3248 610 3326 operetur,
634 3242 722 3307 vobis
745 3242 806 3327 ipsi
829 3245 1008 3328 optaretis”
1055 3245 1261 3310 Constructio

163 3361 211 3420 est
241 3361 273 3419 et
301 3360 443 3417 contorta
472 3359 506 3416 et
528 3351 614 3417 dura.
661 3351 744 3417 Nam
767 3358 870 3419 τσῖσαν
893 3356 1053 3436 προθυμίαν
1075 3356 1157 3438 ἔχειν
1178 3357 1262 3423 mire

163 3464 305 3550 iungitur
326 3487 397 3529 oum
420 3463 592 3542 infinitivo,
617 3463 754 3530 subiecto
779 3464 899 3529 diverso
924 3450 1017 3548 (ὑμεῖς
1035 3467 1260 3554 ψηφίσασθαι);

95 3598 97 3603 ’
164 3598 254 3662 porro
285 3577 363 3654 ὑμῶν
384 3576 430 3640 ita
453 3575 634 3640 collocatum
658 3583 706 3639 est
730 3583 800 3640 ante
822 3575 946 3651 ἐδέοντο,
971 3584 1008 3641 ut
1030 3579 1173 3664 quisquis
1197 3581 1263 3664 pri·

164 3709 249 3751 mum
273 3686 375 3751 locum
398 3687 491 3772 legit,
519 3689 597 3765 ὑμῶν
620 3687 658 3752 ab
681 3689 741 3752 hoc
763 3688 895 3773 pendere
918 3689 1072 3754 existimet
1079 3716 1088 3768 ;
1114 3696 1146 3754 et
1169 3692 1263 3769 ἠγοιί-

165 3821 243 3878 μενοι
275 3804 436 3881 postquam
467 3820 581 3861 novum
613 3798 786 3862 subiectum
820 3799 1013 3883 (θεσμοθέται)
1038 3801 1262 3886 interpositum

166 3913 214 3972 est
236 3929 324 3991 aegre
347 3908 386 3971 ad
409 3912 607 3986 ἠγανακτεῖτε
629 3909 771 3973 refertur.
807 3908 895 3974 Nihil
911 3918 1014 3974 tamen
1031 3912 1095 3996 agit
1110 3911 1263 3980 Reiskius

166 4017 196 4082 ἕν
217 4028 255 4100 τή
280 4021 406 4102 ἠμετέριρ
427 4018 583 4102 δοκιμασίᾳ
605 4018 739 4083 συνίδετε
763 4019 856 4082 etad
880 4023 1150 4101 καταψηφίσασθαι
1176 4027 1263 4111 eogi-

167 4128 285 4193 tatione
313 4129 459 4215 supplens
492 4132 572 4206 ἠμῶν
601 4129 732 4209 οίκρίτυν.
779 4129 893 4194 Melius
928 4153 1020 4215 quam
1054 4132 1263 4202 Reiskianum

168 4239 264 4317 foret,
288 4240 412 4326 opinor,
436 4241 460 4304 εί
483 4242 512 4305 ἐν
535 4250 572 4322 τή
597 4240 721 4324 ὑμετέρᾳ
740 4241 896 4325 δοκιμασία
914 4281 959 4291 -
975 4245 1054 4321 ἡμῶν
1076 4244 1183 4311 ἐδέοντο
1206 4272 1263 4312 κα-

170 4349 398 4432 ταψηφίσασθαι
420 4351 473 4434 (sc.
496 4350 585 4435 ὑμῶν)
606 4351 655 4428 „si
670 4352 702 4416 in
719 4359 819 4416 vest-rs
835 4352 1015 4437 probatione
1030 4355 1261 4424 thesmothetae
