2850 5024
631 356 672 418 23

53 589 56 592 ⁴
109 551 268 629 σύγκειταί
289 578 324 618 τε
346 554 552 635 Φυσικώτερον,
578 553 626 617 aui
651 554 873 633 ἐσχημάτισται
890 555 1101 634 ἁπλούστερον·
1120 555 1200 637 ἡδονῇ

108 685 144 724 τε
176 660 225 725 νιονὶ
255 662 355 743 χάριτι
386 675 483 744 τολλῇ
513 665 665 744 κὲχριντονι.
713 663 760 728 Ib.
786 685 811 728 c.
836 668 856 727 4
880 664 991 750 Lysiae
1016 664 1200 731 adscribitur

109 773 244 849 οὶνιλότνς
266 774 317 839 nal
339 775 436 855 χάρις.
473 775 531 839 Η11
555 775 651 860 igitur
674 773 793 839 collatis
814 783 940 860 apparet
958 775 1092 861 Lysiam,
1115 777 1197 860 quod

110 893 190 949 esset
213 895 323 951 natura
346 886 477 951 disertus
500 896 530 950 et
555 884 697 970 simplex,
723 885 843 949 sobrius
866 885 948 953 idem
972 893 1002 950 et
1018 886 1150 972 diligens
1165 889 1198 952 in

109 996 299 1077 elocutione,
323 999 486 1073 maximam
507 997 595 1078 χάριν
619 995 816 1061 consecutum
840 996 946 1062 videri.
971 996 1106 1082 Simplex
1123 999 1198 1064 adeo

109 1114 192 1185 erat,
218 1116 253 1173 ut
276 1110 429 1196 quendam
453 1109 585 1177 colorem
608 1109 771 1188 vetustatis
795 1131 867 1193 prae
890 1131 922 1173 se
946 1108 1047 1174 ferret.
1084 1109 1199 1176 Verum

107 1219 142 1282 in
174 1219 373 1285 describenda
402 1229 504 1285 mente
526 1221 658 1306 Dionysi
680 1219 763 1284 idem
792 1219 870 1284 mihi
903 1219 1016 1283 accidit
1040 1220 1136 1298 illud,
1162 1221 1199 1286 de

109 1353 172 1415 quo
196 1332 350 1416 queritur,
382 1342 416 1396 ut
446 1332 569 1397 difficile
593 1333 723 1399 sentiam
746 1353 829 1408 esse,
855 1332 935 1416 aptis
958 1332 991 1395 in
1015 1355 1050 1396 ea
1073 1333 1203 1397 materia

107 1442 210 1507 verbis
227 1443 284 1506 uti.
315 1442 447 1519 Tantum
464 1429 670 1528 intellegitur,
688 1444 854 1529 significari
869 1443 956 1515 illam
971 1443 1117 1517 virtutem
1133 1443 1199 1508 sine

108 1578 171 1641 qua
195 1556 354 1619 tenuitatis
378 1555 464 1619 nulla
486 1557 554 1620 leus
578 1557 627 1621 sit.
666 1555 755 1620 Unde
778 1556 904 1641 Lysiam
929 1555 1021 1621 simul
1046 1555 1198 1640 specimen

107 1668 405 1753 praestantissimum
427 1677 480 1743 τῆς
503 1677 586 1743 λιτῆς
608 1670 658 1733 κον)
681 1669 811 1757 ἀφελοῦς
836 1667 942 1744 λέξεως
963 1689 1130 1753 proponere
1147 1689 1199 1752 po·

107 1778 172 1841 tuit
200 1786 230 1842 et
262 1800 297 1842 ea
328 1779 416 1863 quasi
444 1787 517 1843 nota
540 1779 629 1843 illum
653 1778 823 1866 describere
848 1777 899 1862 (de
922 1778 1010 1843 Dem.
1037 1781 1081 1860 2),
1106 1777 1199 1850 simul

107 1889 143 1954 τὸ
165 1892 508 1970 χοιροιιισνριστιιιώτοιτον
528 1901 582 1966 τῆς
605 1891 751 1968 δυνάμεως
775 1893 864 1956 αὐτοῦ
888 1890 988 1954 dicere
1011 1892 1062 1964 τὴν
1077 1895 1199 1969 ιοοσμοῦ-

110 2001 168 2071 aaa
191 2027 225 2069 τε
248 2003 298 2071 aa)
323 2002 490 2084 ἀνθίζονσοιν
512 2006 564 2077 τὴν
586 2002 664 2080 λέξιν
688 2006 778 2075 αὑτοῦ
801 2001 909 2083 χάριν
933 2001 1152 2086 (deLys.13).

155 2111 310 2181 Venostes
339 2112 392 2183 illa
424 2131 516 2197 quam
539 2113 706 2199 Dionysius
729 2113 881 2197 significat
903 2112 1105 2197 proficiscitur
1128 2134 1197 2178 cum

108 2245 146 2296 ex
178 2230 250 2307 apto
281 2224 499 2299 vocabulorum
527 2224 663 2301 delectu,
695 2231 761 2301 tum
793 2245 829 2299 ex
856 2223 1010 2300 broitotc,
1036 2244 1097 2306 qua
1119 2221 1197 2289 nihil

107 2334 298 2418 superfluum
322 2336 361 2399 sit
384 2344 439 2405 aut
460 2334 628 2412 redundet,
653 2342 804 2413 ettamen
824 2333 1197 2419 pleneenprimetursen·

107 2447 224 2524 tentia,
248 2461 285 2512 ut
307 2448 405 2524 fecitis
428 2448 468 2521 sit
489 2448 666 2525 intellectu,
691 2455 721 2532 et
744 2445 822 2513 nihil
845 2445 966 2523 deesse,
990 2444 1070 2523 nihil
1085 2444 1196 2515 inutile

107 2581 175 2623 esse
204 2559 332 2636 1111111111
362 2560 515 2635 auditores
545 2560 718 2639 iecorosis·
765 2558 949 2629 Brevitatem
981 2558 1048 2640 eius
1070 2579 1197 2621 comme-

107 2677 208 2742 morat
230 2671 329 2754 capite
354 2675 390 2749 5,
414 2671 470 2741 ubi
492 2671 623 2737 attendit
646 2670 834 2757 potissimum
861 2669 899 2735 ad
922 2692 1018 2735 νοννιο
1037 2669 1197 2753 iputilium

108 2781 321 2858 omissionem,
354 2803 423 2846 cum
448 2805 508 2867 qua
530 2804 609 2846 nexa
631 2791 678 2851 est
700 2803 793 2865 quaro
816 2781 954 2865 proximo
978 2782 1021 2865 (6)
1045 2780 1194 2859 celebret,

108 2890 291 2957 elocutionis
315 2892 447 2964 brevitas
463 2893 621 2968 concinna.
657 2892 699 2957 nt
721 2892 753 2961 11
776 2892 877 2976 priore
901 2891 1025 2975 quidem
1041 2891 1196 2976 capite(5)

107 3001 209 3075 vorbis
219 3003 436 3083 συνέστραπται
448 3005 474 3075 δ’
483 3003 562 3075 εἴτις
575 3005 626 3083 aul
636 3001 728 3075 ἄλλος
741 3002 792 3089 pol
803 3000 990 3083 recitaverat
1001 3010 1061 3077 τοῖς
1074 3008 1196 3080 νοήροοισι

108 3115 168 3179 iam
189 3114 344 3198 praeludit
359 3115 404 3178 illi
424 3115 620 3199 proprietati,
640 3136 733 3197 quam
744 3113 882 3198 proximo
897 3114 941 3197 (6)
955 3111 1134 3200 diligentius
1146 3112 1196 3176 dc·

108 3224 215 3289 scribit
222 3251 231 3302 3
255 3247 327 3299 nam
350 3249 385 3291 ea
407 3225 498 3299 verba
521 3225 558 3291 de
581 3248 681 3291 rerum
705 3225 864 3307 inutilium
881 3224 1062 3302 omissione,
1080 3223 1118 3289 de
1135 3246 1196 3307 qua

107 3337 201 3422 paulo
224 3345 294 3422 post
317 3338 434 3422 agitur,
459 3359 519 3401 non
545 3337 641 3423 accipi
664 3344 802 3421 possunt.
850 3336 955 3403 Brevis
979 3343 1025 3399 est
1039 3333 1147 3419 Lysias
1162 3335 1193 3398 in

107 3449 217 3526 robae,
248 3449 331 3532 quod
361 3449 600 3534 digressionibus
629 3470 691 3514 non
722 3448 839 3524 utitur3
864 3469 943 3525 non,
968 3456 1004 3512 ut
1027 3446 1084 3513 hoc
1108 3452 1195 3522 utar,

108 3582 186 3643 quae
212 3559 251 3622 sit
274 3559 463 3635 consuetudo
483 3559 632 3636 civitatis,
649 3579 712 3642 qua
726 3581 758 3623 re
774 3558 902 3626 maiores
918 3557 1097 3642 aequalibus
1114 3580 1198 3641 prae·

110 3671 264 3749 stiteriut‚
295 3671 369 3754 quid
397 3678 504 3756 poetae
534 3678 696 3749 moneant,
727 3669 854 3751 similia,
880 3693 958 3755 quoe
981 3669 1063 3754 apud
1086 3669 1197 3734 Demo-

107 3783 248 3856 sthenem
271 3790 302 3846 et
325 3782 400 3861 alios
422 3782 638 3858 inveniuntur,
663 3782 785 3865 cppiose
808 3780 900 3845 refert
907 3807 916 3858 ;
933 3788 1001 3865 1111
1014 3788 1194 3866 argumenta

107 3894 240 3971 breuiter
269 3893 430 3978 proponit,
462 3892 666 3957 adversarium
698 3892 803 3977 paucis
826 3892 956 3968 refutat3
980 3914 1042 3965 non
1066 3891 1196 3973 occasio·

106 4027 178 4071 nem
202 4011 305 4087 captet
327 4026 400 4079 suae
422 4004 548 4087 peritiae
571 4002 780 4081 ostentandae.
805 4001 892 4070 Idem
907 4010 1027 4093 tamen,
1045 4003 1070 4066 si
1086 4025 1195 4066 causae

108 4115 277 4191 conducet,
309 4113 388 4191 nihil
416 4114 503 4198 pensi
534 4114 642 4192 habet,
675 4113 801 4180 eandem
829 4101 1020 4185 senteutiam¹
1033 4115 1065 4177 in
1089 4113 1194 4178 eadem

109 4229 247 4303 oratione
269 4236 412 4312 repetere.
443 4225 490 4303 Cf.
515 4227 553 4290 ad
576 4250 619 4291 or.
642 4229 682 4290 25
701 4226 758 4291 sub
775 4226 795 4289 f.
828 4224 887 4289 Sed
904 4227 1028 4290 omnino
1044 4227 1087 4289 sic
1103 4225 1192 4302 dicit,

109 4349 146 4409 ut
168 4340 223 4425 qui
247 4346 379 4417 attentos
403 4346 433 4413 et
456 4337 569 4422 dociles
589 4338 705 4403 iudices
721 4343 891 4424 exspectet,
909 4337 1021 4421 quibus
1036 4359 1099 4402 non
1114 4336 1194 4404 feces
