2850 5024
637 367 677 427 29

115 569 245 631 cundum
268 569 392 630 alteram
414 569 505 649 lepem
528 564 653 650 impune
677 565 805 629 interfici
826 573 964 649 possent,
985 587 1093 649 nempe
1105 588 1203 642 γνιμε·

113 681 168 754 τήν
199 687 253 742 aut
283 678 442 753 παλλακήν
471 677 519 761 (cf.
552 677 639 741 Dem.
672 679 724 740 23.
751 679 804 761 53)
828 675 986 754 violasset,
1011 675 1081 739 huic
1106 675 1203 740 nihilo

116 791 261 854 maiorem
284 812 413 874 poenam
437 790 530 853 fuisse
554 789 778 874 praescriptam.
826 787 959 852 Omnino
983 788 1143 851 obscurius
1160 811 1204 851 ar-

116 909 331 986 gumentatur,
357 910 387 965 et
410 909 476 964 tota
497 900 551 964 illa
573 901 622 964 lex
646 900 683 963 de
708 901 736 963 vi
755 899 832 963 nihil
849 922 1010 964 commune
1026 899 1118 962 habet
1133 922 1203 963 cum

116 1013 174 1076 hac
209 1035 315 1091 causa,
351 1013 409 1076 nisi
445 1020 480 1076 ut
514 1012 665 1076 rhetorico
701 1012 828 1075 artificio
852 1010 1048 1074 moechorum
1073 1011 1202 1087 crimen,

115 1123 320 1208 comparanda
358 1133 387 1188 et
425 1123 569 1187 elevanda
600 1123 689 1207 culpa
720 1129 775 1187 τῶν
806 1122 1012 1199 βιασαμένων,
1046 1131 1203 1205 augeatur.

115 1234 261 1299 Ceterum
293 1235 375 1319 prior
406 1234 459 1297 illa
491 1234 655 1297 Dracontis
683 1233 730 1296 lex
755 1256 771 1296 a
794 1231 905 1295 Solone
929 1234 1105 1296 confirmata
1127 1234 1203 1310 fuit,

115 1355 152 1410 ut
184 1352 308 1431 apparet
335 1369 372 1410 ex
394 1345 561 1409 Plutarcho
584 1346 615 1409 in
641 1346 693 1409 vit.
718 1343 780 1408 Sol.
805 1367 831 1408 e.
857 1347 916 1407 23:
941 1344 1046 1424 μοιχὸν
1069 1346 1121 1422 μὲν
1145 1345 1203 1426 γὰρ

113 1461 230 1523 ἀνελεῖν
252 1461 292 1538 τῷ
315 1457 439 1534 λαβόντι
462 1456 579 1521 ἔδωκεν·
605 1457 654 1522 ἐὰν
674 1457 699 1519 δ’
718 1455 835 1536 ἁρπάσῃ
853 1479 898 1526 τις
918 1454 1064 1535 ἐλευθέραν
1076 1462 1204 1530 auratac

113 1569 167 1634 uel
190 1567 349 1650 βννὶσντνιν,
374 1568 480 1648 ζνμίννν
503 1568 605 1633 ἑκατὸν
629 1569 769 1647 bparypate
792 1565 889 1641 ἔταξε.
937 1565 1094 1630 Postrema
1116 1566 1206 1630 verba

115 1679 156 1743 ad
188 1680 278 1743 aliam
305 1680 456 1763 pertinere
480 1679 593 1763 legem,
618 1701 710 1761 quarn
735 1700 812 1761 quae
836 1700 852 1740 a
877 1676 968 1760 Lysia
991 1699 1204 1741 commemora-

113 1802 185 1870 tur,
210 1793 361 1856 videntur.
408 1791 534 1855 Frustra
558 1799 718 1875 utramque
742 1791 772 1854 in
798 1798 979 1854 concentum
1003 1788 1140 1872 redigere
1157 1812 1204 1853 co·

113 1913 230 1969 uantur
253 1903 358 1988 Meyer
380 1911 410 1966 et
433 1902 638 1981 Sehmmann,
666 1903 720 1966 der
747 1902 886 1966 Attische
914 1902 1055 1981 Process,
1079 1926 1108 1988 p.
1128 1905 1202 1965 545.

113 2017 259 2100 Pugnare
281 2016 360 2079 inter
384 2038 416 2078 se
439 2016 563 2078 omnino
587 2015 728 2079 videntur
751 2015 808 2078 hae
824 2014 924 2098 leges,
941 2022 976 2078 ut
991 2014 1117 2099 propius
1133 2037 1203 2077 voro

115 2151 183 2192 esse
206 2127 325 2191 credam
347 2125 429 2209 qnod
450 2127 623 2210 suspicatur
640 2149 698 2188 van
711 2125 871 2209 Stege'ren,
885 2124 923 2188 de
935 2125 1109 2188 conditione
1121 2125 1202 2188 civili

115 2239 300 2302 feminarum
322 2237 448 2312 Athen,
474 2261 503 2321 p.
531 2240 610 2314 141,
636 2237 733 2320 legem
764 2235 883 2300 Solonis
917 2237 977 2299 iam
1002 2245 1071 2299 ante
1094 2235 1203 2320 Lysiae

114 2359 255 2434 tempora
277 2349 370 2412 fuisse
394 2355 551 2411 mutatam.
599 2349 645 2411 De
668 2350 756 2427 διπλῇ
779 2348 885 2430 βλάβῃ
908 2348 945 2410 cf.
971 2348 1201 2412 DebreeAdvv.

114 2463 144 2526 Ι.
174 2465 245 2526 194.

163 2575 254 2658 qao.
301 2573 332 2636 Si
372 2596 419 2635 me
454 2572 744 2648 condemnaveritis,
776 2572 895 2655 inquit,
928 2572 1009 2656 quod
1041 2571 1202 2634 moechum

114 2685 333 2762 interfecerim,
359 2687 554 2747 moechorum
579 2684 761 2768 impunitate
785 2683 939 2746 confident
961 2683 1059 2759 fures,
1078 2684 1204 2768 prehen-

115 2797 203 2880 sique
232 2796 375 2860 adulterii
406 2819 496 2858 eausa
524 2820 555 2857 sc
579 2804 751 2880 penetrasse
775 2795 807 2858 in
832 2795 959 2858 alienam
986 2795 1108 2858 domum
1135 2819 1204 2858 oon-

115 2907 262 2984 tendent,
288 2915 317 2971 et
341 2929 430 2971 nemo
454 2930 504 2970 eos
528 2907 638 2970 laedet.
685 2906 799 2977 Πάντες
823 2905 882 2984 γὰρ
905 2905 1045 2980 εἴσονται,
1069 2907 1110 2970 ἔτι
1138 2908 1204 2978 τοὺς

116 3021 171 3097 μὲν
195 3021 295 3096 νόμους
317 3026 369 3092 τῆς
392 3020 529 3097 ancyriae
552 3019 664 3098 χαίρειν
689 3020 738 3082 ἐνῖν
757 3018 815 3091 δεῖ,
836 3017 887 3090 τὴν
907 3016 936 3080 δὲ
955 3022 1058 3097 ψῆφον
1071 3019 1122 3090 τὴν
1135 3020 1203 3095 ὑμε-

117 3131 204 3210 τὲρννν
227 3129 364 3193 Bedriaci·
389 3128 462 3203 alirn
487 3128 545 3211 γάρ
569 3131 630 3193 ἐστι
655 3127 770 3192 πάντων
797 3133 853 3193 τῶν
876 3129 904 3192 ἕν
928 3128 1010 3193 πόλει
1034 3129 1203 3209 capraram.

118 3240 262 3304 Reislrius
294 3242 376 3324 (narn
407 3240 544 3324 plerique
575 3242 705 3323 tacent):
737 3239 863 3318 „Sciant
888 3239 968 3303 enim
993 3247 1058 3301 tum
1082 3263 1203 3317 omnes,

119 3352 223 3436 „leges
247 3352 285 3416 de
309 3353 489 3437 corruptelis
513 3361 719 3417 matronarum
743 3352 819 3415 latas
845 3352 931 3415 flocci
955 3374 1016 3414 non
1035 3351 1203 3429 faciendas,

118 3463 196 3544 „sed
232 3471 360 3527 vestram
396 3463 588 3526 solummodo
623 3464 805 3526 sententiam
837 3485 900 3526 esse
931 3461 1203 3539 reformidandam,

119 3575 256 3659 „quippe
280 3597 357 3659 quae
381 3598 481 3638 rerum
505 3575 537 3637 in
553 3574 674 3638 civitate
691 3574 731 3636 sit
747 3573 859 3636 arbitra
875 3571 1043 3636 omnium.”
1066 3572 1204 3636 Primum

120 3685 240 3751 addidit
262 3688 456 3762 solamm0d0;
481 3684 533 3746 sed
558 3706 670 3768 quaero
694 3692 862 3768 praeterea,
894 3683 1047 3768 quomodo
1071 3684 1205 3748 reformi-

120 3796 221 3861 danda
248 3805 342 3873 esset,
368 3818 463 3879 quum
487 3795 638 3858 sententia
661 3794 797 3858 iudicum
822 3794 978 3858 lenissima
1001 3802 1079 3858 esset
1102 3797 1205 3860 nimis-

120 3930 181 3993 que
212 3908 250 3972 ad
281 3907 497 3972 absolvendum
529 3906 679 3991 proclivis.
727 3906 828 3970 Nimis
856 3906 938 3970 lenes
969 3915 1042 3971 sunt
1070 3909 1204 3988 iudices,

120 4018 176 4103 qui
197 4019 317 4083 illaesos
342 4019 424 4082 abire
448 4019 604 4102 patiantur
627 4018 785 4096 moechm,
811 4026 840 4081 et
863 4025 965 4081 tamen
982 4041 1086 4083 eorum
1102 4019 1206 4083 suffra-

119 4133 171 4217 gia
187 4133 286 4195 forent
309 4127 482 4192 metuenda.
519 4127 577 4191 Sed
600 4129 647 4192 fac
670 4129 734 4191 fieri
759 4129 911 4213 potuisse,
932 4137 969 4192 ut
987 4129 1085 4193 nihilo
1105 4131 1205 4194 minus

121 4244 265 4329 suffragia
288 4240 452 4306 metuenda
474 4241 574 4304 forent
581 4267 590 4318 3
615 4249 764 4305 oratorem
788 4249 888 4305 tamen
915 4241 952 4304 de
976 4265 1011 4306 eo
1034 4251 1133 4306 tacere
1156 4242 1205 4305 de-

119 4355 225 4432 cebat3
257 4356 283 4417 si
312 4374 430 4438 semper
453 4351 595 4414 severitas
619 4351 756 4416 iudicum
782 4362 860 4416 esset
883 4353 1065 4431 metuenda,
1089 4355 1205 4417 minore
