2850 5024
688 371 729 430 96

166 572 233 636 lect.
266 571 325 634 vol.
350 570 406 634 VI.
432 594 460 655 p.
487 573 569 647 690,
594 592 657 654 sq.;
679 547 760 632 nihil
783 570 864 633 enim
887 569 1035 633 attinebat
1058 569 1251 654 publicarum

166 682 340 746 tabularum
362 681 453 746 fidem
477 681 667 757 subvertere,
692 681 718 743 si
742 680 819 743 nihil
842 680 913 744 illae
937 681 1145 758 continerent,
1167 680 1251 765 quod

166 795 294 878 Agorati
325 816 432 857 causae
461 793 591 869 faveret,
619 793 748 856 oratoris
772 793 923 856 sententia
945 793 1020 857 haec
1045 800 1141 856 esset:
1166 815 1255 877 „per-

165 907 337 990 „scriptum
361 914 407 970 est
429 906 461 969 in
486 906 628 970 columna
650 905 876 990 Thrasybulum
896 913 925 969 et
943 904 1167 989 Apollodorum
1182 903 1255 967 civi·

165 1025 251 1095 „tate
281 1040 346 1081 esse
377 1017 530 1094 donatos,
551 1040 734 1103 quamquam
759 1016 833 1102 quid
857 1016 1036 1080 confidimus
1060 1014 1173 1078 tabulis
1197 1036 1254 1099 pu·

166 1127 276 1205 „blicis
284 1127 318 1190 ?''
342 1127 434 1207 Quod
446 1151 537 1213 quam
550 1129 590 1191 sit
606 1128 740 1191 alienum
756 1128 793 1192 ab
810 1128 937 1191 oratoris
950 1117 1107 1213 proposito
1120 1127 1253 1210 quisque

166 1239 257 1304 videt.
304 1238 408 1318 Quum
433 1239 633 1303 nihilominus
657 1239 695 1302 de
718 1238 858 1324 pluribus
883 1261 979 1304 sermo
1003 1239 1043 1302 sit
1065 1261 1127 1302 non
1149 1238 1253 1322 potuit
1272 1253 1277 1267 ¹

166 1374 245 1416 unus
269 1353 421 1436 Agoratus
446 1353 609 1436 significari
632 1351 686 1415 sed
708 1358 778 1436 post
800 1351 987 1428 πεποιημένον
1006 1371 1117 1413 nomen
1133 1349 1183 1413 vel
1198 1371 1252 1412 no

166 1463 250 1526 mina
272 1463 332 1527 alia
354 1470 510 1548 praeterea
533 1464 643 1526 omissa
666 1468 749 1525 sunt.
795 1461 898 1524 Etiam
921 1483 957 1524 ex
974 1460 1130 1523 marmoris
1147 1459 1251 1523 cuins-

167 1573 236 1637 dam
268 1573 421 1658 reliquiis,
453 1597 528 1660 quas
559 1573 711 1658 Bergkius
735 1573 850 1658 primus
875 1574 906 1636 in
930 1571 1074 1635 Zeitschr.
1099 1572 1120 1635 f.
1146 1571 1176 1635 d.
1200 1571 1252 1634 A]-

163 1685 281 1748 terthw.
332 1688 435 1762 1847,
478 1709 507 1770 p.
550 1687 633 1749 1099
678 1684 755 1747 vidit
786 1690 886 1768 partes
917 1683 1008 1747 huius
1037 1682 1252 1767 psephismatis

162 1796 316 1859 continere
340 1796 389 1879 (cf.
413 1795 594 1873 Kirchhoff,
618 1794 732 1859 Philol.
757 1795 817 1858 vol.
842 1793 934 1858 XIII.
964 1797 1046 1858 1858
1060 1817 1090 1879 p.
1108 1797 1159 1872 14,
1173 1797 1251 1880 sqq.)

164 1908 317 1991 Agoratus
341 1928 411 1970 cum
434 1907 502 1970 aliis
526 1907 686 1970 memorari
711 1905 832 1970 videtur
839 1932 848 1984 3
877 1907 957 1971 linea
980 1908 1061 1971 enim
1085 1909 1124 1972 27
1152 1909 1249 1978 αὐτοῖς

161 2018 307 2103 legimus,
341 2026 503 2102 postquam
534 2018 553 2081 l.
586 2020 627 2081 23
663 2021 790 2097 ὐρρρρτο
822 2026 852 2081 et
888 2020 928 2081 25
964 2018 1143 2102 εὐεργέ(τρες)
1167 2041 1250 2104 prae·
1306 2031 1309 2035 '

162 2130 261 2193 cessit.
314 2129 415 2214 Igitur
446 2137 516 2214 post
547 2155 617 2194 τετ.
651 2129 798 2193 excidisse
823 2129 943 2193 videtur
966 2131 1080 2195 σὺν...
1106 2129 1249 2213 (hominis

161 2262 272 2303 nomen
294 2240 435 2324 ignotum
460 2243 516 2324 est)
540 2237 722 2320 ρεγρύφύρρι.
768 2239 847 2304 Tum
871 2239 1019 2324 quaedam
1044 2241 1249 2325 sequebantur

161 2352 194 2416 in
224 2352 303 2415 hano
332 2352 528 2415 sententiam:
560 2357 675 2435 „atque
698 2350 772 2414 haec
794 2349 842 2413 illi
865 2357 1060 2414 tentaverunt
1083 2374 1172 2429 sane,
1197 2351 1249 2416 sed

41 2514 43 2519 .
161 2464 305 2528 frustra.''
333 2463 404 2543 Quo
428 2453 697 2549 praemisso‘bene
720 2461 920 2546 sequebatur:
945 2462 986 2527 τύ
1004 2461 1099 2538 μέντοι
1120 2464 1250 2540 ὀνόματα

162 2575 386 2654 διαπράττονται
413 2613 457 2623 -
489 2580 711 2656 τροςγροεφῆνρει
742 2576 780 2646 εἰς
812 2578 863 2649 τὴν
895 2575 1003 2649 στήλην
1033 2577 1069 2648 ὡς
1100 2577 1250 2656 εὐεργέται

2 2729 4 2732 ψ
115 2778 118 2783 ι
161 2685 238 2758 ὄντες
258 2688 313 2771 (ita
336 2687 417 2750 enim
440 2707 494 2770 pro
518 2685 675 2765 εὐεργέτας
700 2684 785 2757 ὄντας
807 2684 879 2769 leg.)
920 2687 970 2766 Τῷ
994 2687 1083 2766 ρ’ήτρρρ
1106 2707 1170 2749 non
1193 2687 1252 2750 sol·

160 2797 339 2861 licitaverim
348 2825 357 2875 ;
375 2799 421 2882 sig
429 2797 573 2861 niteatur
590 2797 670 2860 enim
685 2796 711 2858 is
728 2796 782 2880 qui
798 2794 836 2858 ad
851 2796 998 2881 populum
1015 2797 1144 2874 tulerat,
1163 2799 1250 2861 euius

144 2927 271 2972 ‘nomen
303 2907 423 2972 decreto
447 2907 671 2993 praescriptum
697 2913 760 2970 erat
766 2933 775 2985 3
798 2908 825 2970 is
848 2907 953 2970 fraude
976 2908 1099 2972 nomina
1121 2911 1251 2995 Agorati

163 3029 194 3085 et
224 3020 349 3084 alterius
380 3020 464 3083 illius
492 3042 576 3083 nunc
607 3019 706 3103 ignoti
738 3018 875 3096 decreto,
901 3028 1064 3103 antequam
1087 3021 1183 3106 lapidi
1206 3023 1250 3086 in-

163 3132 369 3217 sculpcrctur,
394 3131 571 3209 addiderat,
596 3131 686 3215 quasi
702 3129 739 3194 de
761 3132 799 3194 iis
822 3154 945 3217 quoque
968 3133 1099 3196 tulisset.

206 3246 223 3330 q
246 3246 298 3307 86.
344 3242 554 3307 Undecimviri
579 3264 701 3306 causam
723 3245 893 3322 ὐτριγωρήν
917 3267 948 3308 se
970 3254 1145 3330 recepturos
1161 3267 1251 3330 nega·

162 3361 281 3432 verant,
306 3355 366 3419 uisi
388 3355 421 3417 in
444 3353 576 3416 formula
598 3353 786 3417 accusatoris
810 3354 993 3419 adderentur
1015 3356 1106 3420 verba
1127 3357 1176 3421 ἐτ’
1197 3360 1251 3422 ad-

162 3468 286 3549 τοφώρῳ.
318 3466 356 3530 Ei
371 3466 487 3530 monito
504 3465 631 3530 audiens
647 3465 749 3529 fuerat
766 3475 922 3530 accusator
938 3467 1120 3552 Dionysius,
1138 3470 1251 3533 certius

163 3577 388 3642 damnationem
411 3577 568 3641 imminere
591 3599 626 3640 eo
651 3575 861 3641 additamento
885 3586 979 3642 ratus.
1019 3578 1078 3642 Sed
1095 3580 1251 3664 Agoratus

163 3689 296 3774 speciose
323 3689 402 3753 nihil
425 3712 507 3753 nunc
532 3688 618 3752 illam
641 3689 865 3752 accusationem
888 3688 927 3752 ad
951 3712 982 3753 se
1006 3690 1158 3774 pertinere
1182 3712 1252 3756 con-

163 3801 279 3879 tendit,
305 3800 388 3884 quod
412 3805 458 3866 ἐτ’
482 3803 637 3883 αὐτοφώρῳ
661 3801 865 3886 deprehensus
888 3823 951 3866 non
975 3810 1063 3867 esset.
1110 3801 1178 3866 Iam
1201 3803 1252 3868 de·

162 3919 387 3976 monstraturus
422 3919 523 3975 orator
547 3912 648 3975 animo
671 3913 704 3975 in
728 3913 897 3996 Aguratum
919 3913 1039 3978 infenso
1063 3913 1251 3978 uudecimri·

162 4044 212 4086 ros
235 4023 383 4108 Dionysio
407 4024 553 4101 suasisse,
577 4034 613 4087 ut
636 4023 821 4089 adscriberet
831 4024 878 4088 ἔτι)
891 4026 1063 4107 αὐτοφώρῳ,
1080 4025 1128 4088 his
1145 4027 1247 4091 verbis

163 4136 278 4199 utitur:
303 4136 411 4200 δοκοῦσι
435 4136 459 4198 δ’
482 4135 582 4213 ἔμοιγε
604 4136 628 4199 οἱ
652 4131 767 4218 ἕνδεκα,
792 4137 815 4200 οἱ
839 4135 1069 4215 παραδεξάμενοι
1093 4138 1144 4211 τὴν
1166 4141 1248 4203 εὐτρε-

164 4249 265 4323 γωγύρν
288 4247 415 4321 ταύτην,
439 4247 555 4324 οἰόμενοι
577 4246 730 4326 ’Accptae
753 4249 951 4327 συμπράττειν
974 4252 1041 4315 τότε
1064 4255 1111 4317 uxi
1133 4255 1246 4336 διισχυ-

164 4356 297 4438 ριζόμενοι
327 4356 438 4436 σφόδρα
468 4359 547 4437 ὀρθῶς
577 4365 693 4431 ποιῆσαι
717 4359 873 4435 Διονύσιον,
897 4361 949 4434 τὴν
971 4363 1141 4441 cessasti
1164 4367 1244 4433 ὐτύ-
