2850 5024
630 375 671 435 43

108 577 197 641 illum
227 577 298 640 laoit
324 598 416 659 quam
448 573 516 638 me''
547 573 646 637 aliena
670 580 766 648 esset3
792 576 945 654 praeterea
968 563 1059 628 verba
1081 563 1124 625 ita
1148 582 1194 624 ao-

109 696 196 773 eepta
218 688 298 752 idem
321 688 383 751 fere
406 686 598 751 continerent
620 691 713 768 atque
736 681 790 745 illa
813 703 889 764 qnae
909 678 967 742 sub
982 678 1072 740 finem
1088 675 1194 758 legun·

108 808 177 862 tur:
209 798 302 877 ὅμως,
326 825 354 864 κ.
378 824 407 864 τ.
431 799 469 876 ὲ,
494 805 530 860 ut
560 798 659 860 iustus
682 816 778 858 nexus
802 791 1020 856 sententiarum
1044 785 1193 850 desidera·

107 920 202 974 retur.
249 911 405 975 Sententia
439 911 541 995 potius
577 916 642 972 est:
674 906 749 985 „sed
781 928 849 970 eum
883 925 948 967 meo
979 898 1114 986 periculo
1145 919 1192 960 res

107 1022 213 1084 iuncta
235 1021 375 1085 fuisset.''
410 1019 503 1101 Quod
526 1021 552 1085 si
575 1019 651 1083 mibi
672 1018 779 1095 datur,
796 1036 984 1100 consequens
1000 1018 1062 1087 est,
1081 1017 1192 1073 utnon

106 1129 202 1196 ἄνισον
234 1132 287 1196 sed
317 1136 368 1199 οὐκ
397 1132 455 1197 ἴσον
487 1131 652 1208 scribatur,
687 1138 722 1194 ut
751 1129 809 1194 ἴσον
840 1137 870 1191 et
899 1123 1112 1190 ἀπεκινδύνευον
1141 1143 1194 1205 per

105 1243 192 1308 οὶλλοὶ
214 1251 296 1309 reate
319 1251 514 1330 opponantur
536 1244 617 1306 inter
640 1264 681 1305 se.
720 1240 830 1325 Itaque
853 1239 922 1323 lego
946 1244 977 1301 et
992 1236 1191 1318 interpretor:

106 1355 202 1418 καίτοι
225 1354 316 1433 ἔγωγ’
339 1358 388 1420 οὐκ
412 1355 448 1420 ἂν
471 1356 529 1421 ἴσον
544 1350 623 1435 εἶχον
638 1354 877 1433 βασανισθείσης,
893 1351 964 1415 ἀλλ’
979 1345 1193 1413 ἀπεκινδύνευον

105 1470 207 1539 τοῦτο,
234 1488 443 1550 „quamquam
467 1488 523 1550 ego
547 1488 609 1530 non
632 1464 738 1529 eadem
760 1463 939 1526 condicione
961 1460 1088 1524 fuissem
1111 1459 1191 1540 (oum

107 1574 290 1658 adversano)
322 1577 347 1639 si
378 1575 431 1639 illa
461 1576 568 1639 fuisset
590 1577 699 1640 tortori
721 1574 851 1651 tradita,
876 1572 928 1637 sed
952 1571 1010 1634 hoo
1032 1591 1102 1633 eum
1124 1588 1192 1631 meo

106 1685 245 1770 periculo
268 1686 407 1750 iunctum
434 1686 573 1751 fuisset.'’
611 1685 690 1749 Cum
711 1683 806 1750 durren
830 1684 995 1748 exstitisset
1017 1704 1053 1745 ex
1068 1679 1104 1744 ta
1119 1677 1190 1755 ἴσον,

106 1796 221 1860 omissa
251 1802 297 1859 est
327 1796 448 1879 negatio
480 1818 558 1880 quae
589 1797 688 1861 aliena
717 1795 887 1860 videbatur.
933 1795 1033 1860 Kaira
1065 1791 1193 1854 debetur

106 1905 232 1991 ingenio
263 1907 319 1970 viri
343 1907 424 1972 docti
448 1909 501 1993 qui
524 1907 767 1973 Laurentianum
791 1930 859 1972 oum
882 1907 987 1971 multis
1011 1901 1193 1969 coniecturis

105 2024 139 2081 et
169 2019 390 2083 mutationibus
426 2042 462 2083 ex
497 2020 639 2084 Palatino
673 2019 851 2104 descripsit;
883 2040 952 2083 nam
981 2017 1192 2080 auctoritatem

104 2130 191 2195 illius
213 2130 284 2194 libri
308 2131 425 2196 nnllam
448 2154 512 2196 esse
535 2131 654 2217 liquido
677 2131 895 2196 demonstravit
914 2127 1067 2214 Sauppius
1082 2128 1114 2191 in
1131 2126 1192 2210 epi-

105 2241 187 2306 stola
209 2243 314 2307 eritim
337 2242 376 2306 ad
399 2241 479 2307 God.
504 2241 726 2307 Hermannum

153 2352 237 2418 Haeo
268 2355 370 2419 omnia
401 2377 479 2439 quae
503 2354 611 2433 attuli,
636 2356 690 2440 qni
713 2353 901 2440 reputaverit
922 2352 1051 2417 inveniri
1074 2352 1106 2414 in
1129 2371 1194 2413 ora-

104 2464 209 2542 tione,
241 2489 319 2551 quae
348 2468 393 2550 (in
415 2466 548 2532 Soheibii
571 2468 716 2552 editione)
740 2469 790 2531 vix
813 2473 946 2551 quatuor
969 2464 1088 2550 expleat
1111 2463 1194 2547 pagi·

104 2597 180 2652 nas,
203 2598 265 2640 non
288 2600 472 2664 magnopere
495 2578 532 2642 de
559 2579 706 2643 orationis
733 2579 947 2665 depravatione
970 2599 988 2640 a
1010 2598 1058 2641 me
1081 2574 1194 2638 dissen-

104 2686 174 2750 tiet.
219 2686 266 2750 Ex
289 2689 389 2754 media
412 2690 594 2754 refutatione
622 2690 746 2754 initium
769 2691 803 2754 fit
815 2716 824 2767 ;
849 2690 985 2754 defectus
1009 2686 1121 2751 indicia
1144 2684 1194 2748 de·

104 2796 325 2882 prehendimus
348 2802 365 2884 d
381 2803 399 2862 9
409 2827 418 2878 3
443 2801 538 2864 maior
561 2801 672 2865 lacuna
695 2809 741 2865 est
757 2803 858 2887 postd
877 2803 932 2877 11;
951 2807 982 2862 et
998 2799 1134 2881 contrad
1152 2798 1191 2858 13

104 2915 138 2973 et
161 2911 200 2972 16
223 2909 474 2995 interpolationes
497 2912 593 2976 factae
617 2912 654 2976 ab
678 2913 798 2996 aliquo,
824 2912 878 2997 qui
901 2933 1021 2974 eausam
1044 2931 1106 2973 non
1129 2931 1193 2992 per·

75 3028 246 3113 *spexerat
276 3029 307 3085 et
337 3030 433 3085 totam
462 3024 630 3088 orationem
662 3047 722 3088 non
755 3025 850 3108 magis
875 3043 966 3106 quam
989 3043 1044 3084 nos
1068 3020 1191 3104 legerat.

102 3129 197 3194 Unde
228 3131 342 3209 efficio,
377 3133 519 3210 vulnera,
552 3134 665 3217 quibus
695 3134 831 3211 laborat,
863 3134 936 3198 satis
968 3155 1032 3196 esse
1056 3131 1192 3215 antiqua.

103 3240 294 3308 Omissiones
325 3252 427 3311 autem
456 3267 517 3310 non
541 3247 682 3310 consulto
705 3269 769 3310 esse
793 3247 904 3324 factas,
930 3245 984 3309 sed
1007 3265 1110 3308 casum
1133 3242 1192 3305 iam

102 3351 180 3417 olim
210 3363 310 3438 partes
343 3355 461 3442 aliquot
492 3357 654 3422 abstulisse
685 3357 757 3422 inde
788 3357 945 3442 probabile
968 3364 1032 3434 est,
1056 3353 1139 3439 quod
1162 3358 1194 3417 et

101 3462 193 3527 initio
223 3471 254 3527 et
286 3471 356 3528 ante
378 3468 395 3550 b
419 3469 459 3530 12
484 3490 519 3532 ea
545 3467 770 3545 desiderantur,
794 3469 858 3531 sine
882 3467 994 3552 quibus
1017 3464 1192 3530 intellectus

102 3575 301 3659 sequentium
324 3599 420 3663 paene
444 3579 620 3662 praeclusus
644 3588 706 3656 est,
731 3601 793 3643 non
818 3602 869 3657 ea,
894 3601 972 3662 quae
987 3577 1088 3662 segnis
1104 3575 1193 3639 libra-

102 3684 171 3749 rius
194 3684 320 3768 reliquis
343 3689 440 3772 magis
464 3689 584 3774 neglegi
608 3711 696 3773 posse
722 3698 853 3774 putaret.

414 3881 457 3925 Vl.
490 3885 555 3928 KAT'
575 3891 739 3930 antomon
757 3891 898 3931 annuales.

151 4024 300 4106 Quamvis
324 4029 415 4093 bodie
437 4053 526 4095 nemo
550 4032 611 4097 tere
634 4032 755 4098 dubitet
778 4035 853 4119 quin
872 4035 969 4097 oratio
989 4032 1192 4097 κοτ”Ανδοκί-

101 4139 152 4203 δον
184 4160 245 4203 non
277 4141 316 4204 sit
346 4139 473 4225 Lysiae,
503 4154 688 4209 nontamen
713 4145 840 4223 desunt,
865 4147 918 4231 qui
941 4168 1006 4209 eam
1029 4145 1061 4208 in
1086 4143 1192 4207 eodem
1283 4151 1290 4167 ‘

101 4249 234 4328 indicio,
259 4273 320 4335 quo
346 4251 522 4321 Andociden
545 4255 583 4320 de
605 4256 776 4341 Mysteriis‚
794 4257 832 4322 ab
848 4257 907 4321 alio
926 4265 1044 4321 oratore
1060 4276 1193 4341 pronun-

102 4361 216 4426 ciatam
241 4363 424 4428 existiment.
459 4354 506 4429 Cf.
533 4364 716 4446 Hoelseher,
743 4367 781 4432 de
804 4368 867 4431 vita
890 4375 922 4431 et
942 4366 1062 4456 seriptis
1082 4365 1192 4453 Lysiae
