2850 5024
620 346 660 408 79

443 574 499 617 ΧΠ.
530 577 595 618 ΚΑΤ’
616 578 840 618 ΕΡΑΤΟΣΘΕΝΟΤΣ.

141 766 174 831 Si
201 765 378 852 Alphonsus
414 764 536 829 Hecker
564 763 613 849 (de
637 773 712 828 orat.
737 765 769 828 in
792 763 948 829 Eratosth.
971 762 1081 849 Lysiae
1104 764 1182 828 falso

91 877 231 956 tributa,
256 899 356 963 progr.
379 875 490 961 Gymn.
507 873 594 940 Leid.
611 899 638 940 a.
659 878 843 960 rant-48)
859 877 1048 962 cognovisset
1063 875 1184 942 Scheibi

90 989 255 1068 libellum,
291 989 345 1072 qui
375 987 568 1053 inscribitur:
602 987 651 1052 dic
681 988 901 1073 oligarchische
923 987 1124 1072 Umwtilnung
1146 1010 1184 1053 nu

92 1102 220 1180 Athen,
252 1100 356 1186 Leipz.
390 1103 493 1178 1841,
518 1100 555 1165 de
579 1101 735 1166 nonnullis
759 1123 837 1186 quae
860 1101 900 1166 ad
923 1101 1184 1188 opportunitatem

92 1213 193 1278 huius
221 1212 366 1277 orationis
396 1212 566 1297 pertinent,
598 1213 725 1276 fortasse
752 1212 839 1277 aliter
861 1211 1065 1277 iudicavisset.
1112 1213 1186 1277 Era-

90 1323 256 1388 tosthenes
287 1331 318 1387 et
347 1322 447 1386 Phido
470 1346 507 1387 ex
529 1323 656 1407 triginta
678 1323 750 1387 viris
773 1323 806 1387 iu
829 1322 992 1408 collegium
1015 1323 1117 1389 decem
1141 1325 1184 1390 vi·
1247 1308 1250 1314 ¹

90 1457 222 1513 rorum,
247 1434 330 1519 quod
353 1434 532 1498 institutum
547 1457 591 1498 ea
613 1456 683 1518 spe,
708 1443 744 1499 ut
767 1433 846 1499 dnae
862 1443 962 1520 partes
979 1434 1187 1500 Piraeensium

91 1554 130 1611 et
146 1552 204 1612 τῶν
223 1549 253 1611 ἐν
271 1546 355 1612 ἄστει
378 1546 631 1623 conciliarentur,
651 1545 760 1610 adsciti
781 1554 871 1624 sunt3
890 1547 1001 1631 reliqui
1014 1528 1050 1610 ex
1062 1549 1188 1634 triginta

89 1659 173 1722 viris
197 1657 344 1722 Eleusina
367 1666 596 1736 concesserunt,
621 1658 712 1723 rebus
736 1660 799 1724 suis
815 1658 997 1724 diffidentes.
1031 1657 1188 1723 Libertate

87 1768 214 1834 deiude
229 1770 384 1849 restituta,
403 1770 618 1835 Eratosthenes
634 1781 665 1835 at
677 1770 790 1850 Phido,
804 1772 942 1856 quumvis
955 1771 1051 1835 altaro
1064 1792 1187 1856 quoque

82 1882 284 1966 magistratu
307 1905 414 1967 parum
438 1905 470 1946 sc
493 1882 649 1967 popularis
664 1883 783 1967 imperii
799 1883 932 1947 fautores
949 1882 1187 1969 praestitissent,

80 2000 206 2057 nmen
237 1994 304 2058 ausi
334 2000 407 2056 sunt
438 1994 629 2057 clementiam
652 1994 763 2058 civium
786 2016 909 2058 suorum
934 1994 1079 2080 experiri,
1104 1993 1187 2077 quod

75 2104 297 2189 impunitatis
328 2104 389 2188 legi
422 2104 591 2168 decaduchi
619 2127 681 2168 non
713 2105 823 2169 exemti
846 2116 955 2169 essent.
990 2105 1068 2169 Tum
1092 2105 1188 2190 igitur

66 2213 228 2302 lysias,
267 2215 438 2299 inquilinus
467 2217 615 2298 ἰσοτελής,
652 2216 863 2280 Eratosthenis
894 2217 1022 2281 audacia
1052 2216 1186 2281 oblatam

67 2328 161 2392 sibi
193 2318 454 2411 opportunitatem
485 2327 614 2413 arripuit
638 2327 804 2392 ulciscendi
827 2328 929 2407 fratris
953 2327 991 2392 ab
1015 2351 1050 2392 eo
1074 2327 1190 2391 indicta

61 2461 197 2502 causa
220 2437 380 2502 interfecti.
423 2439 527 2522 anue
551 2461 642 2503 causa
664 2440 766 2524 agitur
788 2447 952 2523 antequam
974 2439 1110 2516 Eleusis,
1128 2461 1189 2523 quo

61 2549 303 2636 perfugerant
325 2551 349 2614 οἱ
371 2549 542 2628 spectatura,
567 2559 657 2634 capta
678 2560 733 2614 est.
768 2549 985 2614 Eratosthenes
1001 2560 1106 2615 utrum
1122 2572 1192 2614 con-

60 2662 268 2727 demnatus
290 2660 364 2745 luga
387 2661 446 2724 sibi
469 2660 630 2725 consulens
653 2661 780 2745 reliquis
803 2661 930 2744 triginta
950 2661 1022 2724 viris
1038 2683 1070 2724 se
1086 2661 1219 2726 adium·

59 2773 185 2838 xerit
201 2794 367 2855 eorumque
383 2772 539 2836 adversam
556 2781 666 2835 sortem
683 2773 724 2834 sit
739 2780 899 2857 expertus,
917 2795 955 2835 an
971 2793 1041 2834 vero
1062 2772 1192 2836 Athenis

65 2893 215 2972 postea
238 2883 427 2969 aliquamdiu
451 2884 577 2960 vixerit,
601 2905 663 2946 non
679 2883 776 2946 habeo
793 2883 902 2946 dicere.
939 2882 1052 2946 Verum
1070 2891 1192 2947 tantum

67 3001 253 3079 apparet,
278 2996 396 3059 etiamsi
421 2996 467 3058 vel
490 2995 620 3059 manime
642 2995 695 3058 ille
718 3003 748 3058 et
772 2994 871 3057 Phido
895 3017 910 3058 e
934 2995 1125 3078 reliquorum
1139 3018 1195 3059 nu-

67 3127 193 3174 mero
224 3107 335 3170 exemti
364 3107 496 3183 fuerint,
527 3116 630 3171 tamen
660 3107 796 3191 potuisse
820 3106 980 3190 scriptores
1008 3105 1046 3168 de
1069 3107 1196 3191 triginta

73 3219 236 3283 omnino
258 3218 382 3295 reterre,
407 3239 502 3300 quae,
527 3218 553 3280 si
573 3240 636 3281 rem
651 3217 814 3301 diligenter
829 3216 995 3300 exprimere
1011 3217 1195 3295 voluissent,

78 3325 153 3393 ad
173 3329 404 3412 duodetriginta
427 3329 612 3412 pertinerent
637 3328 727 3411 (Xen.
751 3327 832 3391 Hell.
855 3327 898 3391 ΙΙ.
925 3333 955 3391 4.
973 3331 1034 3404 38,
1055 3328 1195 3392 Philoeh.

86 3439 195 3518 apud
223 3440 371 3525 Harpocr.
403 3463 432 3505 ν.
463 3447 613 3522 πομπεῖα,
645 3440 761 3503 Audeo.
789 3443 816 3502 l.
843 3442 903 3515 15,
929 3440 983 3522 qui
1005 3461 1084 3522 quae
1107 3440 1199 3504 refert

88 3545 149 3607 (Ῑθ
172 3552 300 3622 εὐθύναις
324 3550 432 3614 dandis
456 3551 609 3635 pertinent
632 3550 671 3613 ad
694 3551 759 3621 τοὺς
783 3547 899 3630 ἕνδεκα,
924 3572 986 3612 non
1010 3550 1048 3613 ad
1071 3551 1199 3635 triginta

96 3655 215 3746 viros).
241 3661 301 3725 Sed
328 3663 435 3744 utique
460 3661 564 3725 habita
587 3670 632 3725 est
656 3661 729 3724 haec
746 3660 841 3723 oratio
854 3666 924 3723 ante
940 3659 1115 3723 Eleusinem
1131 3682 1199 3745 cep-

95 3768 173 3834 ἴδω
218 3781 249 3837 et
283 3773 492 3838 Eratosthenis
535 3772 665 3856 collegas
696 3772 888 3848 interfectos;
927 3771 1066 3835 futurum
1098 3779 1199 3856 sperat

98 3889 233 3962 orator,
265 3892 302 3949 ut
329 3885 366 3949 ab
397 3884 444 3947 his
475 3905 587 3968 poenas
621 3890 760 3966 repetant
790 3881 1010 3958 Athenienses,
1042 3882 1073 3945 in
1095 3904 1198 3965 quam

101 4001 233 4063 naraon
262 3995 345 4059 dieta
374 3996 491 4079 accipio·
518 3997 534 4080 q
559 3998 614 4060 79:
647 3994 705 4070 ἥκει
733 3995 827 4072 καιρὸς
850 3994 879 4056 ἐν
901 3987 922 4073 ᾧ
945 3993 989 4057 δεῖ
1007 3995 1088 4072 raph
1112 3996 1197 4068 Ἕνα·
1310 3989 1313 3996 ’

100 4100 260 4178 Τθσθὲνννς
286 4106 335 4170 nal
359 4113 414 4170 τῶν
435 4104 550 4173 τοντονῒ
569 4104 768 4185 συναρχόντων
790 4104 867 4180 δίκην
889 4104 1006 4181 λαβεῖν.
1052 4103 1095 4167 Et
1117 4125 1196 4188 quae

104 4199 137 4266 dt
160 4217 298 4302 triginta
312 4217 385 4282 viris
400 4218 432 4282 in
449 4219 624 4282 universum
641 4217 716 4281 dicit
730 4219 747 4301 q
760 4218 815 4279 80:
833 4215 905 4294 uadi
921 4216 1066 4296 τνρόντνις
1082 4219 1200 4299 ἀφῆτε,

109 4323 192 4393 μηδὲ
213 4338 266 4404 τῆς
289 4340 401 4415 rexne,
424 4329 446 4406 ἣ»
463 4333 608 4402 τούτους
632 4330 777 4410 παρέδωκε
799 4338 836 4410 τῇ
860 4327 940 4392 πόλει
966 4352 1019 4413 per
1038 4327 1203 4412 amplitica-
