2850 5024
698 375 758 436 lll
858 441 859 444 ,

183 573 381 657 κατηγόρηκα.
428 574 549 637 Primus
574 572 818 636 Archestratides
842 572 996 638 accusavit
1015 573 1206 641 Alcibiadem
1227 578 1266 642 cf.

186 692 237 752 14.
256 690 295 766 3,
320 686 369 751 cui
384 692 514 770 uterque
530 691 632 749 orator
647 706 679 749 se
695 707 784 770 opem
799 684 877 748 ferre
895 686 1053 750 accusanti
1069 686 1144 753 dicit
1159 688 1198 752 cf.
1217 691 1269 754 15.

186 802 245 878 12,
269 805 307 863 ut
328 799 411 884 prior
432 797 530 862 oratio
553 796 762 881 deuterologia
785 796 843 874 sit,
867 796 963 861 altera
985 798 1149 885 tritologia.
1183 800 1274 865 Uter·

184 933 244 995 que
274 909 366 973 etiam
395 907 563 972 Alcibiadis
587 907 761 972 inimicitias
785 907 888 992 palam
910 930 982 992 prae
1006 930 1038 972 se
1056 909 1123 974 fert.
1166 909 1213 976 Of.
1236 911 1270 975 ll.
1322 903 1327 918 ’

183 1021 218 1085 ll.
243 1020 387 1084 Ceterum
410 1027 589 1105 argumento
613 1018 775 1084 dissimiles
799 1025 873 1083 sunt
897 1019 977 1114 inter
1000 1043 1041 1085 se.
1080 1019 1169 1086 Prior
1190 1022 1272 1087 iusta

185 1139 215 1196 et
237 1132 329 1217 plena
351 1139 397 1195 est
419 1132 589 1209 accusati03
615 1132 710 1197 altera
732 1137 869 1196 versatur
890 1132 923 1195 in
947 1114 1001 1209 eo,
1019 1138 1055 1196 ut
1070 1133 1199 1212 milites,
1216 1135 1272 1218 qui

184 1241 217 1306 in
238 1243 296 1306 hac
320 1265 411 1307 cansa
433 1243 551 1307 iudices
574 1243 715 1321 sedeant,
740 1242 779 1308 ab
802 1243 950 1328 obsequio
974 1244 1135 1327 strategis,
1159 1247 1272 1330 praesi-

187 1353 276 1417 dibus
299 1353 424 1431 iudicii,
448 1355 632 1439 praestando
656 1354 748 1419 alieni
771 1354 949 1418 reddantur.
984 1354 1106 1419 Etenim
1123 1355 1157 1418 hi
1171 1355 1274 1419 faven-

187 1470 230 1528 tes
261 1465 414 1530 Alcibiadi
439 1466 632 1530 simulabant
661 1489 718 1530 sua
747 1466 930 1530 anctoritate
961 1465 1169 1544 Alcibiadem,
1202 1488 1269 1529 cum

187 1575 264 1638 inter
288 1575 406 1660 pedites
430 1577 458 1640 ei
480 1577 676 1641 militandum
700 1583 797 1654 esset,
822 1576 861 1639 ad
886 1577 1004 1660 equites
1019 1577 1193 1654 transiisse,
1210 1598 1271 1660 quo

188 1705 307 1750 omnem
330 1687 451 1773 culpam
474 1687 513 1752 ab
536 1688 695 1752 Alcibiade
716 1689 750 1752 in
773 1711 804 1752 se
827 1688 1036 1752 transferrent.
1075 1687 1160 1751 Haec
1175 1688 1273 1772 igitur

187 1797 311 1860 materie
335 1820 353 1861 a
375 1798 528 1882 superiore
551 1799 687 1863 oratione
710 1798 754 1862 sic
777 1798 895 1862 diversa
918 1805 1010 1876 sunt,
1034 1805 1071 1862 ut
1091 1806 1194 1862 tamen
1209 1821 1272 1862 nou

184 1905 365 1973 incredibile
403 1909 460 1987 sit,
496 1909 551 1973 has
589 1910 742 1975 orationes
780 1910 813 1973 in
844 1909 949 1973 eadem
980 1931 1072 1973 causa
1103 1932 1120 1973 a
1151 1908 1272 1973 duobus

183 2019 345 2103 synegoris
365 2020 582 2104 pronunciatas
605 2043 679 2085 esse.
710 2019 791 2084 Nam
807 2043 843 2084 ex
858 2019 1057 2103 inscriptione
1072 2021 1274 2107 (αστρατείας)

179 2127 307 2193 diversa
329 2129 408 2193 nihil
431 2137 534 2214 potest
556 2131 649 2208 effici3
675 2153 710 2196 ea
733 2130 814 2195 enim
837 2130 863 2193 si
885 2129 933 2194 vel
949 2130 1079 2193 maxime
1097 2130 1134 2194 ab
1151 2138 1274 2197 auctore

175 2241 324 2324 profecta
348 2248 442 2317 esset,
467 2247 571 2305 temen
592 2263 654 2305 non
679 2249 859 2326 sequeretur
882 2240 915 2303 in
935 2239 995 2303 alia
1010 2261 1101 2304 causa
1117 2241 1195 2307 hanc
1212 2266 1275 2308 ora·

171 2353 302 2416 tionem
333 2351 470 2416 habitam
501 2375 595 2437 quam
626 2352 831 2438 superiorem3
863 2351 1014 2436 siquidem
1044 2353 1213 2430 λιποταξίου
1244 2363 1274 2420 et

165 2462 365 2545 ἀστρατείας
390 2464 516 2527 crimina
538 2488 601 2529 nna
623 2465 689 2550 lege
713 2463 963 2540 continebantur3
983 2471 1013 2528 et
1026 2464 1196 2542 λιποταξίου
1212 2489 1274 2531 uon

165 2577 309 2639 tantum
331 2575 465 2659 pertinet
488 2575 526 2639 ad
549 2598 600 2639 eos
624 2577 678 2662 qui
700 2577 864 2660 fugerunt,
889 2575 943 2640 sed
963 2574 1001 2638 ad
1023 2575 1093 2639 illos
1110 2577 1201 2640 etiam
1217 2579 1272 2661 qui

163 2687 312 2752 nomina
342 2709 405 2750 non
435 2687 586 2751 dederunt
616 2689 692 2774 (τοὺς
714 2687 940 2770 ἀστρατεύτους)
965 2687 1072 2751 eodem
1094 2687 1186 2751 modo
1211 2711 1272 2772 quo

162 2798 411 2880 λιπομαρτυρίου
434 2799 496 2873 δίαν
515 2805 562 2862 est
583 2799 616 2862 in
640 2821 710 2862 enm
733 2799 787 2883 qni
811 2797 961 2861 indicium
983 2804 1119 2874 recusat,
1141 2820 1203 2862 non
1221 2800 1275 2883 qui

165 2917 365 2994 susceptum
389 2909 583 2993 derelinquit.
623 2908 669 2972 Of.
694 2931 787 2994 supra
810 2908 849 2971 ad
873 2907 998 2971 initium
1021 2929 1064 2971 or.
1091 2911 1142 2972 14.

230 3020 306 3085 Nou
329 3043 454 3106 possum
478 3022 616 3086 assentiri
638 3021 736 3085 Bekio
760 3031 842 3086 certo
866 3019 1067 3085 demonstrari
1091 3021 1213 3104 putanti
1235 3021 1276 3084 al·

172 3136 284 3196 teram
316 3133 485 3197 orationem
507 3155 569 3197 non
594 3156 659 3198 esse
681 3133 809 3218 Lysiae,
826 3133 860 3196 'si
883 3132 1079 3197 conferantur
1102 3131 1193 3196 verba
1215 3134 1231 3216 q
1255 3135 1273 3194 9

178 3246 352 3324 μεμνῆσθαι
382 3247 440 3324 χρὴ
471 3241 514 3310 ἔτι
536 3247 566 3309 οὐ
599 3246 833 3322 νομοθετήσοντες
861 3243 924 3325 aspi
952 3245 1047 3308 αὐτῶν
1069 3241 1171 3319 ἥκετε,
1191 3244 1276 3308 ἄλλα

182 3355 270 3421 κατὰ
291 3355 357 3426 τοὺς
380 3353 524 3433 κειμένους
544 3354 644 3433 νόμους
667 3355 860 3438 ψηφιούμενον
884 3377 955 3419 cum
978 3353 1064 3418 Orat.
1088 3353 1115 3418 I.
1136 3357 1152 3439 d
1190 3381 1209 3417 ἰ
1234 3355 1276 3432 μὴ

187 3466 272 3542 μόνον
295 3466 455 3542 δικαστάς,
478 3466 563 3532 ἄλλα
585 3467 634 3530 καὶ
659 3467 811 3544 νομοθέτας
835 3466 940 3539 αὐτοὺς
964 3467 1107 3543 γενέσθαι.
1153 3465 1278 3552 Lysiam
1303 3527 1305 3537 ,

191 3577 311 3643 duobus
346 3600 506 3641 causarum
540 3578 677 3663 patronis
708 3579 860 3642 orationes
895 3578 1077 3642 scribentem
1108 3577 1279 3663 pugnantia

192 3688 270 3754 inter
293 3711 325 3752 se
349 3711 462 3774 ponere
483 3689 625 3773 religioni
640 3711 702 3752 non
718 3689 863 3754 habuisse
871 3739 880 3768 ,
897 3689 989 3753 modo
1005 3689 1103 3753 eidem
1119 3689 1277 3774 proposito

193 3799 387 3878 inservirent,
413 3822 475 3864 non
498 3782 605 3879 miror3
630 3823 693 3864 nou
714 3803 795 3866 enim
815 3802 848 3865 iu
864 3801 912 3864 his
927 3807 991 3864 tam
1009 3801 1184 3884 quaeritur,
1203 3798 1295 3883 quid

195 3933 296 3976 verum
316 3912 357 3975 sit
380 3914 471 3995 quain
496 3910 571 3996 quid
595 3934 703 3976 causae
727 3912 889 3976 conducat.
925 3911 1068 3994 Utroque
1091 3918 1194 3974 autem
1209 3909 1277 3972 loco

194 4023 230 4086 ad
253 4024 446 4086 severitatem
470 4030 501 4086 et
523 4023 704 4107 obsequium
722 4024 824 4108 legum
842 4023 1012 4087 incitantur
1027 4021 1161 4099 iudices}
1177 4021 1278 4105 priore

191 4156 230 4198 ne
256 4135 356 4218 legem
383 4134 474 4197 nimis
498 4134 624 4198 credant
647 4134 755 4198 duram
780 4135 1001 4214 admonentur,
1024 4133 1119 4197 altero
1144 4141 1179 4196 ut
1201 4131 1279 4194 fidos

183 4266 229 4308 ·se
253 4244 391 4308 eiusdem
414 4243 579 4329 praebeant
601 4245 774 4324 ministros,
799 4268 853 4330 per
876 4267 953 4328 quos
975 4245 1024 4308 ius
1046 4244 1154 4308 valeat.
1193 4242 1280 4306 Simi-

189 4355 252 4434 lem
283 4355 518 4439 repugnantiam
549 4354 700 4421 inuenies⁴
717 4356 793 4419 infra
825 4379 868 4419 or.
901 4358 953 4426 24.
986 4358 1045 4433 25,
1078 4354 1147 4418 coll.
1178 4356 1195 4438 {a
1227 4356 1277 4416 15.
