2850 5024
659 389 699 450 69

136 583 295 665 cloptuna,
327 586 541 673 depravatione
573 609 634 651 non
666 585 797 651 absimili
827 609 844 649 a
874 592 979 649 nostro
1002 585 1079 650 loco.
1130 586 1224 672 Apud

136 697 371 784 Xenophontem
396 721 492 783 quum
515 699 666 764 sententia
688 721 749 763 non
774 696 1066 778 1οτοίτνριινόμως,
1092 705 1222 782 utroque

136 816 239 874 autem
261 811 329 874 loco
352 810 523 875 litterarum
547 810 658 875 ductus
682 832 743 874 non
768 810 850 891 τωρόι
872 809 959 887 λόγον
975 808 1027 873 sed
1044 809 1222 873 adverbium

135 927 322 1000 monstrent,
354 922 481 986 fortasse
513 923 569 986 hoc
597 921 790 1004 τνρωλόνως,
814 928 938 1004 umere,
963 926 1079 986 iniuria
1103 921 1160 984 erit
1183 921 1224 984 fe-

134 1033 278 1110 rendum,
302 1040 337 1097 ut
359 1033 393 1098 in
411 1033 552 1118 Epistola
576 1033 729 1119 Philippi,
746 1055 823 1118 quae
839 1032 935 1097 fertur
949 1033 1029 1096 inter
1045 1032 1223 1096 Demosthe·

134 1144 204 1208 nica
233 1147 282 1209 la.
310 1147 367 1223 18,
393 1151 423 1209 et
447 1145 529 1230 apud
552 1146 742 1210 recentiores.

178 1258 195 1342 q
218 1258 269 1326 11.
316 1257 498 1335 συνέγνωσαν
520 1257 550 1322 δὲ
572 1257 621 1321 real
645 1256 726 1322 ωὑτοὶ
746 1256 847 1337 σφίσιν
866 1258 903 1327 ὡς
923 1254 1086 1331 ἠδικηκότες
1104 1255 1223 1338 (nempe

133 1365 279 1432 Ctesicles
306 1391 375 1433 cum
406 1370 481 1456 suis)
503 1408 548 1419 —
570 1370 594 1434 εἰ
617 1370 642 1433 δ’
656 1366 709 1434 ὀὖν
732 1367 894 1450 ε’ζημίωτιιν
917 1368 971 1446 μὲν
993 1361 1053 1430 οίδε
1075 1365 1220 1446 τριςνκόν-

131 1504 204 1554 τως,
232 1479 375 1560 ἐκόρωτιιν
399 1480 424 1544 δ’
453 1482 481 1545 ἕν
509 1482 575 1556 ὑμῖν
598 1482 650 1555 τὴν
673 1479 828 1558 ἐπιβολήν,
853 1478 1220 1561 sacramentalem,

131 1589 247 1663 εἰκότως
270 1590 306 1657 ab
327 1597 378 1656 τοῦ
401 1592 591 1670 ἐγκλήματος
617 1589 907 1668 ἀπηλλαγμένος
930 1589 1022 1665 slav·
1047 1591 1070 1654 εί
1092 1590 1146 1667 μὲν
1161 1590 1221 1667 νόω

131 1703 215 1782 κύριοι
245 1699 318 1779 ἧσιιν
341 1701 507 1783 τρόξωτόιιι
531 1703 548 1779 ἢ
571 1705 710 1785 ιίφεῖνωι,
734 1702 803 1768 οὐδ’
826 1704 946 1784 ἐννόμως
970 1701 1116 1783 ζνμιωόεὶς
1140 1702 1221 1767 εόλόη

131 1838 194 1892 γως
224 1812 259 1880 όιν
288 1814 426 1898 ὤφειλον·
454 1815 478 1878 εί
507 1813 532 1877 δ’
557 1812 651 1889 ἔξεστι
685 1815 738 1892 μὲν
770 1815 868 1885 αὐτοῖς
898 1815 1036 1894 όφεῑνιιι,
1060 1812 1166 1877 διδόιισι
1191 1813 1221 1877 δὲ

129 1927 260 2004 λόγους
283 1926 352 2006 ὑπὲρ
375 1922 411 1990 ὧν
434 1925 470 1992 όιν
492 1925 697 2007 διαχειρίζωσιν
704 1975 714 2009 ‚
731 1924 758 1989 εί
774 1950 802 1990 τι
822 1925 987 2008 ἠδικήκασι,
1005 1933 1057 2000 τῆς
1070 1925 1219 2004 τροςηκοιί-

130 2061 185 2113 τνς
207 2037 304 2120 ρ’μδίως
327 2038 405 2110 δίννς
428 2035 587 2114 τεόξοντιιι.
634 2036 673 2101 In
696 2037 744 2100 his
767 2043 890 2101 recte-a
912 2037 985 2100 viris
1009 2036 1106 2100 doctis
1123 2060 1221 2102 emen·

130 2148 203 2213 data
233 2154 322 2212 sunt:
354 2147 587 2224 ἀπηλλαγμένος
618 2147 675 2223 εἴην
703 2169 757 2233 pro
788 2171 821 2212 -οι
845 2143 915 2229 είεν,
940 2147 996 2212 οὐδ’
1020 2148 1139 2226 ἐννόμως
1164 2172 1218 2233 pro

130 2261 271 2338 ἐννόμως,
300 2260 407 2326 διδόιιοι
430 2260 459 2324 δὲ
481 2260 585 2337 λόγους
609 2282 663 2344 pro
687 2260 709 2324 δ.
734 2259 762 2324 δὲ
785 2260 907 2336 νότοόςς
933 2267 962 2323 et
986 2259 1112 2324 fortasse
1136 2283 1219 2346 prae·

130 2379 214 2436 terea
245 2371 454 2451 διιιχειρίσωτιν
485 2393 555 2435 cum
578 2370 676 2434 Balio
700 2370 923 2434 restituendum
947 2371 1032 2454 (quae
1056 2375 1215 2437 identidem
1262 2441 1264 2445 ,

130 2484 368 2566 constituerunt).
415 2480 474 2545 Sed
498 2487 650 2566 postrema
672 2483 695 2545 εί
719 2479 744 2545 δ’
764 2479 857 2558 ἔξεστι
877 2506 904 2546 κ.
924 2505 952 2547 τ.
974 2482 997 2547 ἑ.
1019 2483 1157 2546 nondum
1174 2506 1218 2547 sa-

125 2600 201 2658 nata
216 2601 297 2657 sunt.
327 2592 405 2656 Tota
419 2592 612 2656 ratiocinatio
628 2591 688 2656 huc
704 2591 798 2670 redit,
815 2599 851 2655 ut
868 2601 1012 2678 appareat
1026 2594 1215 2679 Polyaenum

128 2704 236 2790 culpa,
272 2705 356 2791 quod
380 2727 442 2768 nou
473 2704 596 2768 solverit
608 2752 616 2781 ,
649 2703 779 2767 libemm
809 2726 893 2781 esse,
925 2704 1008 2789 quod
1041 2712 1216 2789 quaestores

128 2816 260 2901 (τωμίιιι)
291 2817 354 2881 sive
384 2817 450 2881 iure
479 2815 542 2880 sive
570 2816 683 2880 iniuria
706 2815 852 2879 mulctam
876 2816 904 2879 ei
926 2815 1115 2894 remiserint;
1140 2817 1226 2902 quid'

126 2927 175 2991 illi
198 2950 234 2992 ex
256 2926 322 3013 lege
345 2927 443 2992 lacere
466 2927 623 3012 potuerint
645 2949 709 2990 non
732 2949 796 2990 esse
814 2927 912 3012 ipsius
931 2926 1038 2992 iudicii
1048 2955 1057 3006 ;
1079 2929 1214 3014 culpam,

126 3039 153 3103 si
176 3039 315 3123 quasit,
339 3040 373 3103 in
396 3061 428 3103 se
452 3040 620 3124 suscepisse
644 3060 712 3117 eos,
737 3039 825 3102 ouius
849 3060 980 3124 poenas,
1005 3041 1031 3103 si
1054 3040 1099 3104 ita
1121 3040 1217 3105 Athe.

127 3149 286 3214 niensibus
315 3150 472 3228 videatur,
502 3151 533 3214 in
558 3149 686 3223 εόόιίνιιις
709 3151 828 3235 exigere
851 3151 979 3237 possint.
1027 3151 1128 3237 Igitur
1152 3176 1216 3217 ver-

128 3261 177 3325 bis
200 3261 223 3325 εί
246 3262 380 3343 μὲνγὰρ
404 3262 487 3342 κύριοι
511 3258 584 3337 ἧτοιν
608 3269 638 3326 et
660 3264 684 3327 εί
703 3261 728 3326 δ’
748 3261 842 3340 ἔξεστι
863 3263 1006 3328 dilemma
1026 3264 1198 3329 continetur
1204 3291 1212 3343 ;

126 3380 284 3457 ponuntur
304 3373 469 3438 contraria:
490 3373 516 3436 si
535 3373 640 3451 licuit,
662 3373 809 3438 siminus
830 3373 911 3438 licet.
945 3374 1072 3461 Scripsit
1092 3382 1211 3440 auctor:

126 3485 150 3548 εί
174 3483 199 3548 δ’
222 3482 316 3561 ἔξεστι
339 3486 393 3562 μὲν
415 3485 520 3563 μηδὲν
543 3486 641 3558 αὐτοῖς
664 3489 795 3566 ιἰφεῖνιιι.
841 3485 902 3549 Pro
930 3486 1050 3571 vulgari
1072 3488 1096 3551 εί
1119 3488 1148 3552 δὲ
1170 3488 1212 3565 μή

126 3594 213 3660 dedit
231 3597 319 3674 μηδέν
325 3647 335 3681 ,
356 3596 565 3661 condicionem
585 3619 758 3683 proponens
779 3597 881 3661 minus
899 3598 962 3662 veri
980 3597 1108 3663 similem
1121 3621 1213 3682 quam

122 3729 246 3772 necesse
275 3717 356 3788 erat,
381 3709 434 3773 sed
457 3717 493 3774 ut
515 3709 699 3795 significaret
722 3717 841 3794 utique,
865 3709 1017 3796 quidquid
1041 3717 1211 3787 statuatur,

123 3819 203 3884 nihil
231 3820 345 3885 factum
377 3829 573 3906 quaestorum
605 3843 694 3906 posse
725 3822 842 3886 civitati
873 3821 988 3886 obesse.
1036 3821 1109 3886 Non
1140 3823 1213 3886 satis

122 3953 283 4016 assequor,
308 3954 386 4016 quae
405 3932 522 3998 Belius
542 3956 572 4018 p.
596 3935 659 3996 252
682 3934 719 3998 de
741 3933 798 3997 hoc
818 3934 885 3997 loco
904 3934 1035 3998 monuit.
1066 3932 1130 3998 Reo
1149 3941 1212 3998 erat

122 4043 344 4108 ostendendum
369 4045 550 4126 ότονριιφνίν
579 4045 692 4109 iniuria
723 4067 788 4109 esse
810 4045 842 4109 in
867 4069 898 4110 se
921 4045 1095 4109 institutam
1102 4072 1111 4122 ;
1135 4068 1210 4109 num

122 4154 239 4219 mulcta
269 4177 287 4217 a
316 4153 446 4232 Ctesicle
477 4155 543 4219 iure
576 4157 603 4219 ei
632 4155 776 4240 imposita
807 4164 903 4234 esset,
935 4157 1115 4221 secundaria
1146 4165 1211 4222 erat

123 4267 278 4349 quaesti03
303 4267 334 4330 in
358 4288 393 4330 eo
416 4267 506 4330 cardo
529 4267 573 4331 rei
592 4266 780 4344 vertebatur,
798 4289 873 4331 num
890 4268 1101 4351 quaestoribus
1114 4269 1208 4332 mulc-

122 4385 183 4442 tam
204 4378 266 4442 sive
282 4379 349 4443 iure
373 4378 435 4443 sive
459 4378 571 4442 iniuria
595 4367 822 4443 remittentibus
847 4377 1011 4443 obsecutus
1034 4378 1204 4466 Polyaenus
