2850 5024
677 375 741 435 204

162 565 283 642 abesse3
309 557 444 628 offendit
461 588 548 648 porro
572 569 796 651 argumentatio
819 571 836 652 t
864 572 882 631 9
907 569 957 652 (cf.
983 570 1106 651 supra);
1132 569 1257 632 demon·

163 675 270 737 stratio
290 675 502 758 perturbabat
526 679 564 737 lt
585 685 615 740 ct
635 700 679 759 sq.
709 678 850 760 Denique
874 678 994 761 egregia
1018 684 1092 740 sunt
1116 699 1198 760 quae
1222 678 1259 740 de

162 784 340 866 demagogia
372 786 388 866 p
418 785 456 845 ll
482 792 513 846 et
539 787 578 846 12
600 784 756 861 dicuntur,
782 786 835 848 sed
858 786 906 848 bis
931 785 1043 848 similia
1066 785 1160 849 etiam
1186 786 1260 850 alibi

163 893 372 969 inveniuntur,
399 893 480 955 unde
502 916 558 956 sua
577 900 684 956 auctor
706 895 840 958 mutuari
861 895 974 978 potuit.
1007 893 1155 971 Accedit,
1174 894 1259 977 quod

163 1002 315 1064 accusatio
340 1010 402 1063 tam
425 1009 471 1064 est
495 1002 616 1065 infinita
639 1011 669 1066 et
692 1010 755 1066 tam
778 1025 877 1087 pauca
904 1003 984 1067 facta
1003 1003 1159 1079 continet,
1183 1002 1259 1066 adeo

162 1117 242 1172 errat
255 1117 285 1173 et
308 1117 437 1194 vagatur
452 1111 532 1174 inter
548 1119 705 1176 accusatos
722 1121 752 1176 et
768 1113 958 1188 defensores,
981 1134 1112 1194 quorum
1131 1113 1259 1196 utrique

161 1219 342 1303 pronomine
367 1216 447 1291 οὗτος
479 1221 700 1304 significantur,
725 1229 761 1285 ut
785 1243 893 1305 parum
917 1221 1046 1304 limpida
1069 1221 1128 1299 sit,
1158 1244 1259 1304 neque

164 1328 347 1391 evidentium
382 1330 517 1393 veritatis
553 1331 679 1406 habeat,
714 1340 744 1394 et
778 1331 856 1393 nibil
891 1329 1054 1414 impediat,
1091 1329 1258 1412 quominus

162 1438 262 1500 fictam
293 1445 445 1520 putemus.
493 1438 655 1524 Suspicor,
692 1462 768 1523 opus
797 1461 862 1502 esse
894 1439 1093 1503 subditicium
1126 1438 1258 1502 rhetoris

161 1545 323 1608 cuiusdam
347 1569 409 1610 non
434 1549 574 1631 pessimi,
601 1550 655 1632 qui
678 1549 812 1612 flosculis
837 1571 872 1611 ex
893 1547 985 1631 Lysia
1001 1555 1032 1610 et
1048 1547 1259 1611 Demosthene

163 1653 312 1737 decerptis
341 1654 592 1720 declamationem
622 1657 700 1720 hanc
732 1659 894 1721 ornaverit.
943 1657 992 1720 Ad
1014 1657 1125 1741 Lysiae
1149 1658 1261 1736 oratio-

162 1785 231 1826 nem
259 1763 291 1825 in
315 1762 490 1846 Epicratem
514 1764 623 1846 (Bekk.
649 1765 786 1828 Anecdd.
812 1789 841 1849 p.
869 1768 942 1829 103.
970 1769 1027 1828 ll:
1051 1764 1256 1840 carcerata·

162 1871 276 1941 Λυσίας
310 1870 379 1934 κατ’
414 1870 624 1949 Ἐπικράτους,
660 1895 722 1936 uon
753 1874 867 1937 lectum
894 1874 928 1935 in
950 1880 1055 1936 nostra
1078 1872 1256 1957 Epicratea)

164 1979 389 2043 exercitationis
419 2002 509 2044 causa
537 1982 691 2067 epilogum
723 1983 806 2046 huno
837 1983 959 2066 scripsit
989 1983 1022 2046 in
1054 1982 1258 2069 demagogos‚

162 2087 315 2170 Epicratis
346 2087 483 2166 sodales,
516 2091 569 2172 qui
592 2113 675 2154 nunc
699 2113 769 2154 eum
793 2091 1020 2155 defendendum
1044 2102 1254 2176 susceperant.

207 2197 372 2281 Inscriptio
401 2199 468 2282 ipsa
491 2199 657 2284 Epilogum
682 2223 747 2264 esse
770 2201 875 2265 docet:
901 2201 968 2266 κατ’
991 2201 1184 2281 Ἐπικράτους
1208 2200 1258 2264 acl

162 2312 218 2370 τῶν
246 2307 508 2390 συμπρεσβευτῶν,
540 2309 675 2385 ἐπίλογος
698 2312 734 2380 ὡς
758 2309 909 2389 Θεσθσρσς.
955 2309 994 2372 In
1018 2332 1079 2394 qua
1101 2316 1259 2392 postrema

163 2416 222 2478 tria
251 2415 343 2478 verba
376 2438 393 2478 a
424 2415 549 2498 reliquis
581 2417 766 2500 separanda:
798 2417 991 2494 „secundum
1014 2417 1169 2480 Theodori
1193 2440 1259 2480 sen·

164 2525 290 2587 tentiam
323 2525 491 2609 epilogus.”
537 2525 732 2589 Theodorum
764 2526 913 2610 Taylorus
944 2526 1097 2610 intellegit
1120 2534 1176 2589 aut
1199 2526 1258 2611 By-

163 2634 320 2697 zantinum
350 2656 367 2696 a
398 2634 525 2697 Platone
556 2642 587 2696 et
619 2634 767 2718 Dionysio
799 2635 900 2699 Halia.
934 2644 1136 2699 memoratum
1160 2634 1257 2718 (quod

163 2743 288 2806 minime
312 2743 479 2828 probabile)
504 2751 559 2807 aut
581 2744 793 2822 Gadarenum‚
818 2744 934 2808 'liberii
958 2745 1127 2827 aequalem.
1175 2743 1255 2807 Con·

163 2851 243 2914 didit
274 2852 324 2915 hic
355 2859 466 2916 sectam
491 2853 646 2936 quandam
669 2854 844 2930 rhetorum,
870 2855 922 2936 qui
947 2876 964 2916 a
987 2854 1133 2936 magistro
1158 2851 1256 2915 Theo·

163 2960 247 3023 dorei
277 2961 526 3045 appellabantur,
552 2962 664 3044 quibus
688 2963 823 3045 oppositi
847 2971 933 3026 erant
959 2962 1168 3046 Apollodorei.
1208 2959 1255 3024 cf.

164 3068 291 3148 Quinct.
323 3069 385 3132 ΙΠ.
417 3073 445 3132 1.
473 3074 523 3135 17.
569 3069 608 3132 In
640 3069 726 3133 libris
757 3079 859 3134 tamen
891 3071 974 3148 eius,
1011 3092 1088 3154 quos
1119 3077 1258 3132 recenset

167 3178 278 3241 Suidas
308 3179 328 3242 i.
358 3169 420 3255 v.,'
438 3179 544 3243 nullus
576 3189 639 3257 est,
662 3182 696 3244 in
719 3202 781 3262 quo
809 3181 847 3243 de
870 3180 928 3242 hoc
951 3185 1131 3264 argumento
1154 3185 1259 3241 actum

163 3288 277 3350 credas
324 3288 469 3365 Diodori,
494 3288 630 3352 Polionis
656 3289 714 3373 (vel
737 3289 901 3369 Pollionis)
925 3289 980 3351 filii
1000 3289 1054 3370 qui
1075 3287 1180 3351 floruit
1197 3288 1255 3350 sub

164 3396 321 3460 Hadriano
345 3396 481 3474 ἐξήγησιν
504 3404 559 3462 τῶν
582 3399 759 3479 ζητουμένων
782 3400 864 3477 παρὰ
888 3406 947 3470 τοῖς
965 3396 1034 3462 δέκα
1050 3399 1175 3479 ῥήτορσιν
1191 3397 1258 3461 lau·

164 3506 217 3569 dat
246 3505 356 3569 Suidas
388 3531 415 3570 v.
447 3509 577 3572 Πωλίων.
623 3507 683 3570 Sed
715 3515 929 3592 argumentum
960 3508 1018 3570 hoc
1049 3529 1113 3570 non
1144 3513 1191 3570 est
1213 3508 1258 3569 ita

165 3616 375 3692 reconditum,
405 3617 480 3699 quin
505 3639 522 3678 a
544 3617 684 3700 pluribus
708 3618 913 3701 grammaticis
936 3617 1022 3699 tangi
1046 3616 1198 3701 potuerit,
1222 3623 1258 3678 ut

165 3726 327 3788 ternarium
351 3726 426 3789 adeo
450 3725 597 3803 videatur,
622 3748 718 3809 quum
740 3735 803 3790 tam
818 3727 927 3809 ingens
943 3746 1086 3789 numerus
1103 3725 1144 3788 sit
1159 3725 1258 3788 Theo·

166 3835 309 3900 dororum
334 3836 382 3920 (cf.
407 3835 514 3920 Pauly,
539 3836 731 3921 Real-Enc.),
756 3837 908 3899 Diodorus
932 3858 1090 3900 arcessere.

211 3943 433 4023 Nicomachea,
459 3947 484 4008 si
508 3967 670 4028 sequamur
686 3945 960 4031 Harpocrationem
977 3968 1005 4008 v.
1023 3945 1164 4021 ἕσιβσλή,
1186 3944 1259 4007 sub·

166 4055 259 4118 lestae
283 4061 360 4118 esset
384 4054 471 4131 fidci;
496 4054 579 4117 unde
602 4061 791 4137 sequeretur,
816 4062 853 4117 ut
876 4060 981 4116 nostra
1002 4054 1100 4117 oratio
1124 4075 1161 4114 ex
1180 4052 1260 4116 falsa

167 4171 245 4226 essct
276 4164 546 4243 σσρσισεσσιημένη.
593 4163 653 4227 Sed
681 4185 789 4249 operae
818 4164 950 4247 pretium
975 4163 1012 4226 da
1037 4185 1072 4226 ea
1094 4162 1187 4247 paulo
1213 4185 1261 4225 ac·

167 4273 302 4336 curatius
325 4273 489 4355 inquirere.
