2850 5024
689 380 730 442 30

170 601 240 643 cum
264 578 375 642 damno
398 600 480 642 nuno
503 577 585 662 leges
608 579 729 663 neglegi
753 585 904 664 poterant.
941 581 990 643 An
1019 596 1089 643 vero
1112 581 1259 666 interpre-

169 689 314 754 tandum:
347 687 569 765 „metuendum
600 689 658 752 erit
686 689 791 765 laesis,
817 669 1132 775 quorsum'suffragia
1155 701 1258 756 vestra

168 800 363 881 „evadant”
386 799 572 878 -Verba,
596 801 720 886 opinor,
745 823 807 864 non
831 803 1001 887 patiuntur.
1043 802 1183 867 Fortasse
1208 825 1259 866 ex-

169 914 309 978 ciderunt
332 912 497 998 quaedam,
522 918 552 975 et
576 919 677 976 orator
699 913 743 976 ita
764 913 826 979 fere
845 913 939 977 dixit:
956 915 1044 987 οὐδεὶς
1064 918 1158 980 αὐτῶν
1178 911 1255 994 θφε-

168 1050 229 1090 τιιι.
274 1024 367 1103 'Euro
398 1025 421 1088 δ’
451 1024 501 1088 ε’θιν
530 1025 778 1105 ἀποψηφίσησθε,
810 1025 943 1102 addentur
975 1025 1120 1107 πρθφοοσιν
1155 1027 1256 1097 σοιἰτοῖς

169 1136 313 1200 ἐνδώσετε.
349 1135 462 1206 Πθντες
485 1135 545 1215 γὰρ
568 1134 710 1209 εθσοντιιι,
735 1133 794 1210 θτι,
818 1160 844 1199 κ.
867 1161 895 1200 τ.
920 1137 941 1199 ἒ,
975 1135 1030 1214 „Si
1053 1136 1120 1200 iure
1142 1158 1190 1199 me
1209 1137 1258 1199 in·

168 1247 320 1310 terfecisse
350 1244 579 1309 Eratosthenem
613 1245 837 1323 iudicaveritis,
870 1245 1044 1331 perfugium
1075 1247 1112 1309 iis
1144 1245 1257 1332 praeri-

167 1359 267 1444 pietis.
314 1356 428 1420 Omnes
452 1357 532 1421 enim
555 1358 668 1435 scient,
694 1357 732 1420 ad
750 1357 847 1442 legem
863 1356 901 1420 de
917 1357 1074 1420 adulteriis
1091 1378 1256 1442 provocare

167 1470 225 1534 sibi
256 1491 317 1533 non
345 1469 453 1546 licere,
486 1468 539 1532 sed
562 1469 817 1533 reformidandum
841 1492 905 1532 esse
928 1469 1020 1532 vestri
1042 1468 1149 1533 iudicii
1173 1490 1257 1532 seve-

167 1581 304 1657 ritatem,
329 1578 412 1663 quod
436 1602 553 1664 semper
575 1581 608 1644 in
631 1581 751 1644 civitate
775 1579 941 1664 plurimum
965 1580 1075 1644 valet.''

210 1693 302 1775 tlt.
347 1690 378 1754 σι’
400 1691 459 1771 μθιρ
484 1691 533 1773 ἤδη
557 1690 585 1755 εἴ
604 1716 633 1756 τι
652 1693 779 1763 κοὶιιεῖνος
796 1687 861 1771 εἶχε
877 1691 1010 1769 ntupum
1037 1690 1082 1754 nx
1096 1691 1255 1754 constanti

167 1825 227 1865 usu
257 1802 331 1865 haec
354 1800 524 1885 significare
541 1800 675 1866 debent:
701 1825 778 1881 „cur
800 1803 880 1865 enim
904 1801 1036 1866 sciebam
1045 1801 1075 1879 ,”
1098 1802 1164 1866 rell.
1175 1828 1184 1879 ;
1209 1825 1256 1867 re·

166 1913 315 1996 quiritur:
340 1917 417 1978 uude
438 1937 490 1998 epo
513 1917 649 1978 σοιὀοοιιι.
688 1913 771 1977 Fort.
795 1936 850 1998 pro
873 1914 903 1978 σι’
917 1914 976 1998 leg.
993 1919 1053 1987 πῶς
1069 1914 1156 1978 cuius
1173 1935 1255 1978 oom-

166 2024 312 2109 pendium
335 2047 352 2087 a
374 2049 403 2088 τι
428 2026 481 2109 (TI
505 2028 545 2107 Π)
569 2046 676 2110 parum
707 2024 817 2088 differt.
865 2023 903 2087 In
930 2025 1128 2108 sequentibus
1160 2025 1254 2089 mole-

166 2143 247 2199 stum
277 2143 322 2199 est
345 2135 413 2212 κιιι’;
438 2134 573 2198 alienum
596 2143 660 2198 erat
683 2135 720 2199 ab
743 2133 902 2220 Euphileti
926 2134 1070 2213 consilio,
1096 2136 1252 2200 auditores

166 2247 420 2312 commonefacere
452 2271 483 2311 se
514 2247 656 2312 habuisse
686 2247 800 2324 telum,
833 2247 882 2310 cui
912 2248 1011 2330 potius
1041 2247 1073 2310 id
1098 2247 1253 2331 agendum

166 2369 247 2437 erat,
271 2367 423 2442 utquam
444 2359 575 2422 maxime
597 2359 764 2443 imparatus
788 2358 826 2421 ad
849 2357 971 2422 caedem
995 2359 1112 2421 venisse
1136 2358 1253 2421 videre-

165 2479 233 2549 tnr;
265 2479 296 2534 et
325 2477 427 2534 tamen
458 2493 494 2533 ex
517 2470 571 2533 illo
594 2471 721 2542 ιιιὶνιεῑνος
744 2477 997 2552 consequeretur,
1022 2477 1059 2533 nt
1081 2493 1113 2534 se
1136 2469 1253 2533 diceret

165 2589 315 2647 armatum
339 2581 377 2646 ad
401 2581 634 2646 Eratosthenem
659 2582 828 2646 accessisse.

208 2697 301 2780 §dd
346 2693 413 2758 οὔτε
444 2695 553 2776 συνῄδει
586 2695 657 2777 (μοι)
687 2694 775 2758 κοινὸν
806 2693 882 2757 οὐδὲν
907 2690 921 2756 ὃ
945 2694 1001 2769 ἐγὼ
1025 2692 1117 2763 δεδιὼς
1140 2693 1251 2769 μήτις

163 2806 287 2881 πθθητοιι
315 2806 474 2883 ἐπεθύμουν
504 2804 591 2870 οὐτὸν
622 2803 776 2871 οὶπολέσοιι.
812 2802 910 2867 Video
940 2804 1135 2867 omissionem
1158 2803 1251 2888 parti-

163 2918 248 2982 culae
271 2916 307 2983 θιν
330 2926 361 2981 et
382 2918 440 2982 hoc
462 2917 530 2980 loco
554 2923 583 2980 et
607 2939 699 3001 supra
721 2919 738 3002 q
761 2919 820 2980 38:
853 2919 877 2981 εἷ
900 2917 925 2979 δ’
941 2916 995 2991 7ἤδη
1016 2917 1131 2981 πθντιον
1151 2916 1251 2979 διοιπε·

163 3030 337 3107 προινμένοιν
359 3029 482 3110 ᾡτινιοῦν
504 3028 597 3108 τρόπῳ
619 3027 790 3105 ἐλάμβανον
813 3027 918 3104 otro,
943 3033 1095 3109 σωφρονεῖν
1119 3025 1248 3103 ε’μοιοτθν

155 3139 293 3217 ’ἡγούμην
317 3161 405 3224 posse
428 3137 559 3202 defendi.
595 3138 719 3202 Poterat
742 3138 872 3203 dubium
896 3161 975 3216 esse,
1002 3146 1106 3202 utrum
1126 3143 1251 3221 propter

163 3251 379 3315 conscientiam
410 3251 530 3314 sceleris
555 3250 713 3316 cuiusdam
738 3250 887 3314 analium
914 3249 952 3313 ob
977 3272 1098 3313 causam
1123 3232 1266 3331 cuperet'

161 3361 249 3425 illum
273 3362 457 3439 interficere3
482 3362 633 3447 cupivisse
657 3361 782 3446 quidem
803 3361 972 3426 constabat.
1008 3361 1094 3424 'Palis
1113 3381 1183 3423 vero
1204 3357 1251 3421 in-
1332 3372 1335 3377 ’

161 3474 338 3558 terpretatio
369 3496 440 3537 oum
470 3496 523 3558 per
552 3496 584 3537 se
607 3473 701 3538 dubia
724 3483 786 3552 est,
811 3483 877 3537 tum
902 3473 1020 3537 lubrica
1042 3473 1075 3535 in
1098 3494 1132 3535 eo
1157 3471 1249 3554 scrip-

160 3590 242 3662 tore,
267 3585 353 3648 cuius
377 3584 448 3648 libri
470 3592 532 3648 tem
557 3585 716 3648 manifesto
739 3585 875 3671 corrupti
895 3592 987 3661 sunt,
1005 3605 1100 3665 quum
1117 3605 1249 3667 pracser-

160 3696 215 3759 tim
247 3694 283 3760 θιν
314 3705 384 3760 ante
415 3696 503 3762 οιθτόν
534 3695 621 3760 facile
649 3695 785 3759 excidere
808 3693 951 3780 potuerit.
998 3693 1037 3758 In
1060 3693 1155 3758 altero
1179 3693 1247 3756 loco

161 3807 235 3872 hacc
258 3809 421 3894 excogitari
445 3816 545 3895 potest
559 3809 746 3894 explicatio:
770 3809 819 3885 „si
844 3829 931 3883 vero,
949 3805 1032 3890 quod
1048 3805 1121 3882 leci,
1138 3803 1247 3888 quavis

160 3921 278 3984 ratione
308 3921 396 3985 illum
423 3920 679 4006 prehenderem,”
702 3919 723 3982 i.
748 3942 773 3982 e.
798 3918 859 3982 lere
882 3916 988 4000 „quod
1013 3925 1114 3979 autem
1138 3915 1247 3999 quavis

160 4033 277 4096 ratione
308 4030 545 4116 prehendebam,
577 4031 642 4095 iure
673 4053 720 4093 me
749 4052 837 4113 agere
865 4026 1042 4113 putabam.”
1087 4026 1146 4090 Sed
1170 4027 1245 4090 haec

160 4143 238 4207 ratio
267 4143 455 4209 subvertitur
478 4141 576 4206 verbis
601 4141 693 4227 paulo
717 4148 787 4204 ante
809 4139 913 4204 lectis:
937 4140 994 4215 ἐγὼ
1018 4136 1062 4214 δ’,
1085 4134 1106 4201 ὦ
1128 4136 1244 4220 ἄνδρες,

160 4254 265 4319 δίκοιιον
297 4254 349 4331 μὲν
379 4253 415 4318 dv
443 4261 531 4316 ποιεῖν
555 4253 686 4330 ἡγούμην
708 4252 829 4331 ᾡτινιοῦν
852 4249 946 4329 τρόπῳ
970 4249 1018 4314 τὸν
1040 4249 1092 4321 την
1116 4255 1245 4325 perorna

160 4367 211 4438 τὴν
234 4367 305 4440 ε’μην
327 4365 534 4448 διαφθείροιντο
557 4363 738 4440 λιιμβιένοιν,
764 4362 818 4426 ubi
840 4362 873 4424 iu
894 4360 998 4424 eadem
1014 4360 1075 4425 fere
1092 4360 1243 4423 sententia
