2850 5024
564 769 612 831 De
642 771 803 834 vauriae
825 774 853 832 et
880 771 1039 831 Brevitate.

307 1029 431 1094 Praeter
461 1052 513 1106 ea,
538 1028 576 1093 de
600 1030 712 1113 quibus
736 1031 836 1095 adbuc
860 1053 958 1094 sermo
982 1030 1058 1106 luit,
1083 1031 1115 1094 in
1139 1028 1253 1093 iudicio
1276 1028 1351 1091 Dio-

262 1140 330 1225 nysi
365 1139 427 1203 duo
462 1147 570 1203 notatu
605 1139 699 1225 digna
733 1141 885 1206 videntur.
933 1141 1091 1210 Adscribit
1124 1142 1206 1204 euim
1240 1139 1351 1225 Lysiae

263 1273 412 1315 summam
447 1258 637 1316 venustatem
672 1253 799 1336 (χάριν),
835 1259 866 1316 et
900 1252 1025 1316 densam
1060 1273 1255 1336 pressamque
1287 1273 1353 1315 ora·

262 1363 377 1428 fiunem
401 1361 721 1446 (representasset).
753 1362 825 1449 Ipse
848 1365 981 1448 ingenue
1005 1363 1136 1439 fatetur,
1161 1362 1262 1426 verbis
1287 1384 1351 1427 nou

264 1474 413 1559 explicare
444 1496 476 1536 se
506 1496 594 1557 posse
626 1495 718 1557 quam
741 1475 871 1558 gratiam
893 1473 1003 1557 Lysiae
1026 1472 1196 1555 intellegat.
1232 1472 1349 1549 Sensu,

264 1587 382 1670 inquit,
414 1585 599 1670 percipitur,
636 1608 697 1651 nou
731 1586 830 1651 verbis
865 1585 1051 1669 explicatur,
1093 1606 1278 1668 quamquam
1309 1584 1353 1646 f-

264 1696 376 1761 cillime
407 1697 540 1761 sentitur
570 1706 633 1760 tarn
664 1696 702 1760 ab
737 1696 861 1760 indocto
896 1719 988 1781 quam
1025 1695 1061 1759 ab
1086 1695 1209 1761 artifice.
1257 1693 1351 1773 Quod

265 1809 321 1873 etsi
356 1831 462 1872 verum
501 1817 563 1885 est,
599 1818 720 1885 tamen,
752 1830 848 1892 quum
880 1808 958 1875 hanc
984 1808 1128 1873 virtutem
1155 1807 1265 1891 Lysiae
1295 1805 1352 1868 uni

267 1918 437 1996 adscribat,
467 1926 497 1984 et
528 1920 571 1984 ita
602 1921 630 1984 ei
661 1921 815 2005 propriam
843 1943 908 1984 esse
931 1918 1029 1996 dicat,
1054 1925 1090 1981 ut
1113 1919 1170 1981 hac
1193 1925 1266 1981 nota
1288 1938 1353 2000 ger·

266 2053 374 2095 manae
399 2031 550 2096 orationes
573 2055 592 2095 a
614 2033 725 2116 spuriis
749 2031 887 2116 dignosci
911 2031 1047 2117 possint,
1071 2029 1172 2105 dolet,
1197 2028 1353 2096 rhetorem

266 2144 449 2208 sententiam
481 2165 568 2215 suam
599 2166 660 2207 non
695 2143 883 2208 enucleatius
918 2143 1103 2227 exposuisse.
1150 2138 1278 2204 Collatis
1308 2147 1354 2202 ta·

266 2278 336 2319 men
369 2255 437 2319 aliis
468 2255 543 2318 locis
572 2278 638 2318 eam
673 2255 843 2319 accuratius
871 2277 1020 2339 exponere
1048 2254 1224 2340 poterimus.
1272 2250 1352 2314 llam

268 2366 350 2430 enim
390 2366 520 2450 gratiam
559 2368 653 2445 καιρόν
687 2365 821 2450 appellat
855 2366 892 2431 de
926 2366 998 2451 Lys.
1037 2369 1076 2429 13
1120 2364 1221 2440 med,
1261 2362 1351 2427 Deru.

270 2479 320 2540 13.
351 2475 476 2560 Lysiam
498 2483 550 2547 τῆς
574 2476 752 2551 λεπτότητος
776 2475 861 2542 ἕνεκα
884 2478 933 2541 καὶ
956 2487 1009 2552 τῆς
1032 2476 1151 2558 χάριτας
1175 2499 1244 2541 cum
1268 2472 1355 2537 Cala-

266 2588 347 2652 mide
379 2595 409 2651 et
440 2586 628 2651 Callimacho
660 2588 826 2652 artificibus
856 2596 1010 2674 comparat
1043 2588 1081 2652 de
1112 2588 1206 2663 Isocra
1232 2589 1262 2650 3.
1307 2585 1355 2648 De

267 2698 424 2778 Calamide
448 2706 549 2763 autem
573 2698 610 2761 cf.
636 2696 699 2762 Cic.
717 2698 804 2763 Brut.
821 2702 838 2784 b
856 2702 914 2764 70:
940 2699 1129 2779 „Calamidis
1147 2699 1258 2782 (signa)
1275 2697 1355 2763 dura

267 2809 344 2888 „illa
354 2809 504 2894 quidem,
517 2809 570 2874 sed
586 2820 688 2877 tamen
704 2810 844 2879 molliora
859 2833 950 2895 quam
967 2811 1102 2876 Canachi
1118 2809 1354 2896 (antiquioris)”.

267 2922 389 2985 Priscae
419 2921 515 3004 igitur
538 2920 742 3005 simplicitatis
766 2930 797 2986 et
820 2921 953 2987 duritiae
976 2923 1049 2986 haio
1072 2922 1189 3007 aliquid
1213 2920 1356 2986 adhaere-

268 3033 330 3097 bat.
374 3030 420 3095 cf.
454 3031 579 3113 erinct.
612 3032 687 3096 ΧΠ.
715 3036 765 3097 10.
793 3037 821 3099 7.
852 3034 920 3110 *Sed
950 3036 1015 3120 ipse
1046 3035 1216 3119 Dionysius
1245 3032 1358 3101 melius

270 3145 452 3217 sententiam
475 3167 562 3208 suam
585 3145 765 3230 explicabit3
790 3146 828 3210 de
852 3146 938 3211 Isaeo
963 3170 987 3211 c.
1013 3151 1034 3210 4
1056 3146 1166 3231 Lysiae
1187 3116 1357 3215 ordtionem

272 3263 426 3340 comparat
449 3279 519 3320 cum
542 3256 677 3340 antiquis
701 3258 845 3342 picturis,
871 3280 949 3343 quae
972 3259 1078 3344 paucis
1092 3256 1272 3333 coloribus,
1300 3277 1359 3322 nec

272 3367 433 3432 artificiose
456 3367 614 3452 permixtis
638 3369 823 3452 compositae
847 3370 926 3446 sint,
951 3369 1004 3436 sed
1025 3369 1210 3433 lineamenta
1226 3367 1359 3435 babeant

271 3479 436 3564 diligenter
462 3478 630 3562 descripta,
662 3478 761 3564 iisque
791 3487 936 3545 venustae
964 3482 1027 3545 sint
1057 3480 1123 3564 (εἶσὶ
1155 3480 1285 3554 &detrec
1308 3479 1359 3556 cic-

271 3598 361 3671 χαῖαι
391 3590 527 3672 γραφαί,
555 3589 692 3670 χρώμασι
716 3591 769 3666 μὲν
792 3592 980 3673 εἰργασμέναι
1003 3591 1127 3666 ἁπλῶς,
1151 3589 1200 3657 καὶ
1223 3588 1360 3665 οὐδεμίαν
1409 3638 1414 3645 .

272 3703 301 3764 ἐν
331 3707 389 3772 τοῖς
421 3701 571 3777 μίγμασιν
602 3698 723 3779 ἔχουσαι
757 3701 841 3785 [fort.
873 3703 979 3773 ἁπλοῖς
1003 3710 1034 3765 et
1056 3700 1171 3784 ἔχαὶσι]
1197 3699 1358 3783 ποικιλίαν,

272 3811 400 3891 ἀκριβεῖς
432 3811 461 3874 δὲ
490 3817 557 3880 ταῖς
592 3818 765 3890 γραμμαῖς,
797 3811 846 3882 καὶ
877 3813 953 3876 πολὺ
986 3814 1019 3877 τὸ
1050 3812 1152 3891 χάριεν
1182 3812 1210 3883 ἐν
1233 3809 1359 3882 ταύταις

272 3924 415 4006 ἔχουσαι).
457 3921 595 3986 Gratiam
625 3921 657 3984 in
682 3921 775 4007 Lysia
797 3924 933 3989 nativam
960 3923 1053 4000 dicit,
1078 3945 1140 3986 non
1165 3921 1360 3987 artificiosam

272 4032 366 4097 Isocr.
392 4035 429 4097 3:
453 4033 593 4114 πέφυκε
617 4033 676 4115 γὰρ
701 4035 717 4108 ἡ
741 4035 848 4100 Λυσίου
871 4033 948 4108 λέξις
972 4035 1051 4114 ἔχειν
1073 4034 1107 4099 ri
1121 4034 1239 4114 χάριεν,
1256 4035 1274 4108 ἡ
1290 4031 1361 4099 3⁵²1-

272 4144 427 4223 σοαρατους
453 4144 604 4222 βούλεται.
640 4143 678 4208 In
701 4145 790 4216 Dein.
818 4148 875 4209 13:
899 4148 1009 4226 φυσικὴ
1034 4145 1175 4222 εὐστομία
1198 4144 1247 4218 καὶ
1272 4143 1360 4226 χάρις

251 4233 382 4339 'Lysiae
413 4254 605 4320 adscribitur.
644 4253 685 4318 lle
716 4257 747 4319 in
772 4255 859 4320 Isaeo
882 4279 907 4320 c.
934 4259 953 4319 3
978 4256 1099 4320 lsaeum
1122 4256 1363 4328 artificiosioreni

274 4366 366 4445 dicit,
398 4366 451 4431 scd
477 4366 586 4451 Lysiae
617 4367 714 4439 oratio
745 4369 862 4449 ἀφελής
893 4394 927 4432 τε
957 4369 1006 4433 καὶ
1039 4370 1116 4443 ἠθικὴ
1140 4367 1257 4446 μᾶλλόν
1280 4369 1359 4432 ἐστι·
