2850 5024
642 373 683 435 811

120 576 154 639 ἐκ
182 578 238 639 τῶν
268 573 344 639 ὤτων
374 571 510 649 ἐξείλετο.
557 572 817 658 Distinguendum
848 583 928 637 erat:
958 574 997 643 είς
1020 574 1071 645 τὴν
1094 573 1202 646 οίκίοιν,

120 683 272 761 Μηλόβιος
303 723 348 733 -
378 682 513 761 ἐξείλετο.
553 682 660 763 Quum
689 685 721 749 in
744 685 846 748 mariti
868 683 1058 749 Polemarchi
1081 705 1204 747 manum

121 794 279 872 veniebat,
310 795 371 859 iam
402 795 471 859 illos
502 795 632 859 annulos
659 818 736 860 uxor
759 795 906 873 habebat3
930 802 1046 881 quanto
1069 795 1205 878 iniquius

123 913 187 970 arat
217 907 273 973 hos
302 913 366 971 tarn
388 905 550 991 diligenter
573 914 763 971 conservatos
785 906 831 970 illi
855 908 930 992 eripi
953 930 971 970 a
993 905 1138 971 Melobio.
1161 941 1206 954 -

122 1017 170 1081 De
201 1017 291 1082 verbo
322 1018 484 1092 κτήσιισίοιι
516 1018 548 1081 in
578 1017 635 1082 hac
665 1019 798 1085 sectione
824 1019 857 1083 in
880 1020 1034 1095 κτίσεσίνιι
1057 1017 1205 1082 mutando

122 1136 283 1197 monuerat
304 1128 364 1194 iam
387 1127 543 1192 Dobreus:
573 1127 830 1196 decorticatam
853 1129 935 1212 ᾤοντο
951 1132 1125 1208 aritotelica
1138 1138 1205 1194 tum

122 1239 214 1324 paulo
245 1245 316 1304 ante
345 1241 362 1324 d
395 1240 432 1304 17
468 1262 520 1324 pro
541 1239 575 1306 τὸ
597 1240 648 1304 ὑπ’
671 1240 781 1306 ἐκείνων
800 1241 952 1319 εἰθισμένον
975 1241 1205 1325 πκροίννελμοι,

122 1349 289 1435 legendum
319 1373 383 1414 esse
413 1352 461 1414 ἐπ’
493 1351 603 1415 ἐκείνων
633 1374 694 1416 non
725 1374 838 1416 novum
870 1361 930 1429 est,
965 1353 1018 1416 sed
1045 1353 1207 1417 artificiosa

124 1463 375 1548 interpretatione
397 1463 579 1526 recentiores
602 1462 732 1528 editores
756 1463 876 1528 malunt
892 1462 1051 1528 defendere
1067 1462 1206 1528 codicum

124 1573 183 1657 (vel
214 1573 327 1638 codicis
358 1574 472 1659 potius)
495 1573 674 1638 lectionem:
698 1576 731 1639 τὸ
755 1574 805 1638 ὑπ’
828 1576 937 1640 ἐκείνων
959 1576 1124 1654 είίισιιίνον,
1150 1577 1206 1641 int.

125 1684 401 1766 ποιροοννίλλεσίοοι.

168 1798 260 1881 W.
307 1796 381 1860 Post
409 1798 452 1861 rei
482 1797 752 1883 interrogationem
773 1801 790 1884 c
814 1802 874 1877 25,
899 1799 1030 1883 primum
1054 1798 1209 1883 redarguit

125 1905 214 1971 illum
236 1906 405 1985 dicentem,
430 1930 461 1971 se
484 1908 609 1972 oonsilio
633 1909 760 1994 triginta
782 1911 916 1974 virorum
939 1906 1125 1995 restitisset
1148 1913 1208 1988 263

124 2027 193 2082 tum
215 2018 254 2081 ad
277 2019 401 2083 alteram
425 2021 650 2084 excusationem
672 2020 866 2086 refellendam
885 2022 1052 2099 transiens,
1072 2021 1122 2086 κοιί
1133 2023 1206 2104 μήν,

124 2130 242 2214 inquit,
266 2129 326 2194 οὐδὲ
348 2128 426 2196 τοῦτ’
450 2131 522 2202 εἰκὸς
546 2135 625 2212 aricii
649 2132 807 2208 πιστεύειν,
832 2130 911 2213 είπερ
934 2134 1028 2208 aanor
1054 2131 1208 2215 λέγειφοί-

125 2265 200 2306 σκων
222 2242 384 2315 ἀντειπεῖν,
405 2244 442 2313 ὥς
466 2244 545 2322 κεἰτῷ
569 2241 749 2323 προςετοίχίκ
772 2241 848 2327 (MS.
873 2243 1008 2327 ε’τοίχίκ).
1032 2241 1070 2305 In
1087 2243 1135 2305 his
1151 2243 1219 2306 tria·

125 2357 279 2437 postrema
300 2351 391 2417 verba
414 2353 569 2439 iungenda
592 2361 664 2417 sunt
680 2376 749 2418 cum
765 2354 926 2432 πιστεύειν;
942 2355 1123 2439 interposita
1138 2359 1211 2416 sunt

124 2461 179 2527 illa
208 2461 286 2546 είπεο
315 2502 361 2513 -
390 2465 536 2531 οίντειπεΐν
563 2488 616 2550 per
639 2466 851 2550 parenthesin,
876 2455 920 2530 sic
946 2474 979 2529 nt
1002 2467 1080 2529 viam
1104 2464 1142 2528 ad
1166 2487 1209 2527 se-

125 2575 253 2658 quentia
274 2585 470 2672 praeparent:
494 2576 571 2654 „sed
591 2578 617 2640 si
632 2577 680 2641 vel
695 2578 825 2641 maxime
841 2600 911 2643 vera
926 2576 1090 2641 contendat
1106 2576 1209 2640 dicens

124 2709 156 2751 se
180 2687 356 2752 oblocutum
380 2710 444 2751 esse
467 2687 518 2771 (de
542 2710 602 2772 quo
626 2688 701 2772 quid
725 2688 765 2751 sit
781 2686 977 2752 statuendum
989 2688 1048 2752 iam
1061 2687 1207 2772 dietum),

125 2806 227 2862 tamen
258 2798 367 2882 utique
389 2821 452 2862 non
475 2807 595 2883 oportet
618 2799 645 2862 ei
668 2798 758 2862 fidem
783 2798 907 2876 habere,
932 2821 1028 2883 quum
1051 2798 1126 2863 dicit
1149 2800 1209 2863 ius·

126 2932 195 2974 sum
225 2933 257 2974 se
287 2911 412 2975 fuisse.”
458 2911 541 2975 Haeo
572 2911 614 2974 ita
637 2911 838 2996 pronunciata
861 2911 1003 2988 fuerunt,
1029 2920 1064 2975 ut
1087 2910 1211 2974 audien-

125 3021 209 3087 tibus
240 3043 303 3087 non
334 3030 433 3113 essent
463 3023 608 3100 obscura,
640 3023 755 3107 legenti
784 3023 931 3107 impedita
959 3031 1031 3087 sunt
1037 3048 1046 3100 ;
1071 3023 1108 3086 of.
1132 3022 1211 3085 iufra

127 3132 165 3196 ad
187 3135 204 3217 c
226 3135 279 3196 41.
314 3133 419 3217 Pergit
441 3141 558 3198 orator:
582 3136 613 3199 οὐ
637 3134 696 3214 γὰρ
719 3135 752 3208 δή
768 3158 822 3198 πον
838 3134 866 3197 ἕν
882 3140 941 3205 τοῖς
957 3132 1096 3209 μετοίκοις
1113 3132 1210 3196 πίστιν

126 3224 309 3324 ποιρίοιιίτοῦ
332 3245 511 3322 ε’λοίιιβοινον.
548 3245 700 3330 Bergkius
724 3267 778 3330 pro
803 3247 900 3310 πίστιν
916 3245 1076 3329 proposuit
1091 3252 1209 3324 πεῑρκν;

126 3377 188 3419 non
212 3354 361 3418 assentior
368 3381 377 3431 ;
401 3355 514 3433 πίστις,
539 3357 651 3441 pignus
675 3357 763 3432 fidei,
789 3364 851 3420 tam
875 3358 982 3435 rebus,
1001 3364 1038 3420 ut
1052 3356 1110 3419 hoc
1126 3355 1212 3432 loco,

125 3489 219 3553 quam
250 3465 347 3531 verbis
377 3466 442 3530 dari
473 3474 584 3552 potest.
630 3469 857 3532 Documentum
885 3469 955 3531 fidei
980 3475 1010 3531 et
1034 3466 1125 3530 simul
1149 3467 1212 3550 pig·

125 3600 186 3641 nus
213 3577 245 3641 in
273 3584 430 3661 posterum
461 3577 611 3662 putabant
639 3579 766 3664 triginta
790 3580 845 3642 viri
868 3579 1098 3642 malefactorum
1122 3577 1213 3640 socie·

125 3694 237 3765 tatem,
269 3695 305 3751 ut
335 3696 441 3752 notum
466 3711 502 3753 ex
524 3689 602 3753 Plat.
629 3690 718 3775 Apol.
744 3693 796 3754 32.
821 3688 864 3767 G,
888 3688 959 3774 Lys.
985 3691 1036 3751 25.
1065 3690 1122 3751 13:
1147 3688 1213 3759 τοὺς

126 3807 256 3866 πλείστκ
279 3803 359 3865 κοικίι
382 3802 461 3879 ὑμᾶς
484 3802 689 3882 εἰργασμένους
714 3803 753 3874 είς
776 3803 831 3874 τοὶς
854 3801 944 3878 τιμίος
964 3801 1162 3881 κοιίίστκσοιν,
1176 3801 1212 3870 ὡς

125 3912 236 3987 τοοιίτνν
267 3901 344 3992 ποκ’Ι
368 3916 445 3990 ἡμῶν
476 3912 508 3996 (l.
542 3915 647 3997 αὐτῶν)
671 3916 767 3978 πίστιν
786 3914 948 3988 είλνΦίτες.
994 3910 1052 3976 Sed
1076 3908 1113 3974 σ’ίν
1136 3909 1166 3973 h.
1192 3910 1213 3972 1.

126 4022 231 4086 abesse
253 4045 316 4086 non
339 4031 453 4107 potest;
478 4023 642 4108 legendum
665 4028 696 4089 οὐ
719 4025 778 4104 pap
802 4024 838 4090 ίιν
861 4025 894 4099 ld
919 4047 990 4099 που,
1007 4029 1043 4086 ut
1059 4021 1137 4086 Xan.
1151 4020 1213 4095 GP.

125 4131 188 4196 ΙΠ.
222 4135 251 4196 1.
288 4136 337 4199 17.
384 4134 660 4219 Insequentibus:
685 4136 877 4216 ε’πείτοιτῷ
902 4128 1218 4211 ἦττονείκὸςῆνπρος-

126 4245 290 4325 τοιχίῆνκι,
322 4245 339 4320 ἢ
371 4242 446 4317 ὅστις
478 4269 515 4323 νε
545 4247 687 4311 οίντειπίιν
714 4246 884 4326 ἐπύνχοινε,
909 4245 941 4308 in
964 4244 1012 4306 his
1036 4244 1132 4328 igitur
1153 4242 1218 4316 ε’πεί

126 4379 169 4420 τοι
192 4363 238 4420 est
261 4378 298 4418 ex
321 4356 549 4436 emendatioue3
575 4357 669 4421 codex
687 4357 809 4433 ἔπεισιν,
827 4357 910 4440 quod
926 4358 1050 4420 omnino
1066 4355 1137 4418 ferri
1153 4375 1214 4415 non

1058 4471 1094 4528 6*
