2850 5024
689 387 729 447 82

168 583 310 648 verteris:
335 586 359 648 oi
382 584 536 664 τροοίκοκτα
559 583 667 662 rampo}
691 583 744 660 μὲν
767 582 816 647 καὶ
841 580 1021 663 συκοφάνται
1048 579 1126 651 ὅντες
1149 581 1190 651 εἷς
1206 580 1261 653 τὴν

167 696 261 777 ἀρχὴν
292 696 492 777 κατέστησαν,
524 695 689 775 Φοὶσκοντες
720 696 747 760 δὲ
777 701 882 776 χρῆσαι
912 701 967 759 τῶν
998 693 1102 759 ἀδίκων
1129 692 1261 770 καθαρὰν

167 818 284 882 ποιῆσαι
307 810 358 882 τὴν
382 810 475 873 τόκα.
523 807 699 872 Placeretne
723 807 792 870 talis
818 806 977 891 periodus:
1002 806 1026 870 οἱ
1045 805 1190 878 Ἕλληνες
1208 825 1261 865 το·

167 920 278 996 λεμοκοὶ
310 920 363 997 μὲν
390 920 439 983 καὶ
463 922 605 1000 εὐθαρσεῖς
629 920 705 992 ὄντες
730 919 865 997 οὐδεμίαν
886 927 946 990 τοῖς
968 916 1070 988 ἄλλοις
1094 915 1261 994 ὑπερβολὴν

167 1031 435 1113 καταλελοίπασιν,
463 1030 580 1108 οἰόμενοι
611 1030 640 1094 δὲ
668 1032 720 1105 τὴν
744 1037 799 1095 τῶν
822 1028 980 1111 βαρβαρων
1002 1037 1059 1106 γῆν
1082 1027 1180 1097 αὑτοῖς
1204 1048 1263 1090 κα·

167 1143 263 1216 τήκοον
287 1142 343 1205 δεῖν
366 1137 436 1205 εἶναι
460 1141 527 1204 -Ρ
563 1142 736 1219 sentietur,
757 1142 881 1225 opinor,
899 1162 992 1224 quam
1009 1139 1115 1222 inepta
1130 1136 1172 1199 sit
1187 1135 1263 1199 talis

168 1261 329 1318 structura.
366 1252 465 1331 Nam,
489 1277 528 1318 ne
544 1236 650 1318 'dicam
672 1254 709 1318 de
727 1253 853 1317 insolito
869 1252 1031 1316 verborum
1048 1248 1170 1325 ordine,
1187 1269 1263 1311 con·

168 1373 215 1428 tra
245 1365 417 1449 legitimum
449 1388 538 1429 usum
561 1366 735 1450 iunguntur
758 1388 811 1450 per
833 1364 887 1442 μέν
911 1372 941 1427 et
964 1363 1011 1440 δέ,
1036 1383 1114 1445 quae
1138 1359 1264 1424 diversa

168 1478 284 1540 ratione
308 1477 346 1540 ad
370 1475 494 1540 verbum
518 1477 710 1554 referuntur,
736 1499 832 1560 quum
848 1476 933 1561 prius
951 1473 1071 1558 (τοκκροὶ
1089 1471 1179 1554 ὄντες)
1192 1492 1262 1556 per·

168 1596 291 1673 petuam
322 1588 557 1673 proprietatem,
591 1588 720 1652 alterum
748 1588 934 1671 (Φκσκοκτες)
958 1584 1072 1648 factum
1097 1581 1264 1666 significet.

167 1699 254 1778 Quae
278 1721 374 1784 quum
397 1698 441 1761 ita
464 1698 543 1775 sint,
568 1698 709 1783 apodosis
734 1686 887 1763 οτοοαῦτα
902 1696 1038 1773 λέγοντες
1054 1692 1149 1778 (quod
1165 1691 1262 1758 hodie

166 1811 277 1873 omisso
302 1810 349 1874 καὶ
374 1810 435 1871 lere
459 1816 614 1893 receptum
639 1812 696 1894 est)
718 1811 851 1894 incipere
874 1809 1000 1893 nequit,
1026 1806 1078 1870 sed
1097 1804 1196 1868 oratio
1212 1805 1261 1869 sic

166 1922 321 1984 cohaeret:
345 1922 442 1996 ἐπειδὴ
465 1923 494 1986 δὲ
517 1924 539 1986 οἱ
562 1921 716 2002 τριακοοτα
739 1922 847 2000 πονηροὶ
864 1923 918 1999 μὲν
937 1918 1017 1990 ὄντες
1040 1919 1079 1990 εἷς
1096 1917 1261 1998 τὴνάρχὴν

166 2033 371 2107 κατέστησαν,
394 2032 559 2112 Φοὶσκοντες
582 2035 611 2098 δὲ
634 2043 739 2114 χρῆναι
761 2039 817 2099 τῶν
835 2033 939 2097 niliaca
956 2030 1147 2115 (Ἢοκούκτωκ)
1169 2029 1265 2094 καθα-

167 2146 218 2223 ροὶκ
247 2153 363 2218 ποιῆσαι
391 2147 441 2218 τὴν
465 2144 548 2209 πόλιν
572 2146 603 2209 οὗ
627 2150 750 2209 τοιαῦτα
773 2151 861 2209 ποιεῖν
884 2144 1028 2224 ἐτόλμων,
1054 2161 1133 2224 quae
1160 2140 1262 2203 oratio

167 2254 309 2339 deinceps
341 2276 403 2317 non
434 2255 649 2332 continuatur3
678 2261 724 2318 est
747 2277 843 2338 genus
866 2253 944 2317 illud
969 2251 1198 2328 anacoluthiae‚
1224 2250 1261 2314 in

66 2372 68 2376 ‘
166 2387 227 2447 quo
258 2363 399 2448 apodosis
432 2365 601 2442 omittitur,
626 2364 709 2448 quod
734 2365 864 2450 protasis
888 2371 1012 2448 propter
1035 2362 1259 2447 explicationes

165 2476 346 2545 necessarias
385 2476 475 2539 nimis
511 2477 651 2539 excrevit.
706 2476 789 2539 Dum
821 2497 897 2558 quae
928 2472 1098 2537 omittenda
1128 2473 1257 2537 minime

165 2596 238 2650 sunt
268 2588 403 2650 animum
432 2587 587 2671 scriptoris
611 2587 762 2661 subeunt,
788 2586 835 2649 his
859 2585 896 2648 de
920 2585 1075 2670 proposito
1100 2583 1257 2648 abductus

165 2705 349 2760 structuram
380 2697 555 2761 inchoatam
583 2695 745 2781 relinquit3
770 2697 910 2782 pluribus
935 2719 969 2760 ea
993 2702 1171 2780 persecutus
1193 2693 1258 2779 Ly·

165 2808 223 2870 sias
254 2810 301 2891 (ὡς
329 2847 374 2857 -
404 2809 590 2893 τειρασομκο)
622 2832 699 2892 quae
730 2810 761 2872 in
793 2809 908 2893 protasi
932 2813 1148 2892 proposuerat,
1172 2805 1257 2871 illud

165 2918 247 3002 quod
270 2919 302 2982 in
327 2921 453 3005 apodosi
475 2920 652 3005 ponendum
677 2927 740 2984 erat
763 2921 822 2983 iam
848 2920 880 2983 in
904 2919 1019 3004 protasi
1042 2925 1255 3002 occupaverat.

163 3029 351 3094 Huiusmodi
376 3032 557 3095 anacolutha
581 3032 663 3116 apud
687 3031 846 3095 Platonem
870 3053 924 3114 pro
948 3030 1088 3095 liberiore
1103 3028 1256 3113 loquendi

163 3165 272 3226 genere
295 3152 368 3206 sunt
391 3143 578 3229 frequentia;
603 3144 794 3207 luculentum
817 3141 989 3226 exemplum
1002 3148 1048 3205 est
1063 3140 1178 3205 Phaed.
1197 3144 1253 3206 86.

164 3255 208 3329 A;
242 3254 330 3338 plura
357 3254 382 3317 si
407 3255 474 3337 quis
499 3277 535 3318 ex
558 3255 686 3318 Platone
710 3254 862 3318 desideret
886 3253 1025 3316 consulat
1048 3251 1254 3336 Engelhardt,

164 3363 436 3433 Anacoluthiarum
455 3364 683 3430 Platonicorum
702 3336 779 3450 ipec.
797 3365 849 3429 III
865 3365 1011 3449 (Gedani,
1034 3366 1129 3448 1845)
1144 3388 1174 3449 p.
1189 3367 1252 3443 44,
1324 3427 1328 3433 .

163 3475 237 3540 XII.
289 3476 484 3562 intellegitur
514 3485 616 3542 tamen
648 3476 822 3541 istiusmodi
852 3475 1079 3560 neglegentiam
1109 3477 1141 3540 in
1165 3478 1254 3541 omni

164 3589 357 3651 commotiore
387 3611 524 3653 sermone
553 3596 653 3674 aptam
677 3611 741 3652 esse
764 3609 867 3674 posse;
893 3587 931 3650 cf.
957 3610 993 3650 ex
1015 3584 1108 3671 Lysia
1133 3588 1161 3648 1.
1187 3588 1252 3664 40,

165 3700 216 3761 12.
249 3701 300 3762 38.
348 3697 407 3763 Sed
442 3723 536 3785 quum
560 3722 612 3784 per
635 3705 758 3765 τοιαῦτα
783 3697 945 3784 (λέγοντες)
968 3703 1141 3761 resumatur
1164 3697 1253 3780 quod

162 3808 259 3871 fusius
290 3809 407 3875 dictum
434 3819 523 3876 antea
546 3817 627 3888 erat,
652 3833 714 3874 non
737 3809 786 3875 καὶ
809 3815 934 3874 τοιαῦτα
957 3810 1005 3891 (ut
1027 3808 1098 3872 libri
1120 3806 1252 3890 habent)

162 3919 297 3997 λέγοντες
329 3924 359 3986 οὐ
389 3927 513 3987 τοιαῦτα
540 3921 720 4007 legendum,
746 3919 798 3982 sed
822 3919 870 3982 καὶ
890 3919 931 3983 τοὶ
949 3924 1090 3999 τοιαῦτα,
1111 3919 1252 3994 λέγοντες

161 4030 186 4095 δ’
204 4033 235 4095 οὐ
258 4028 390 4096 τοιαῦτα.
417 4033 515 4095 Aoute
539 4030 690 4096 Cobetus:
715 4032 806 4095 καίτοι
829 4036 930 4095 ταῦτα
951 4030 1103 4106 λέγοντες,
1128 4027 1182 4091 sed
1205 4028 1252 4093 ita

161 4140 190 4205 δέ
214 4149 283 4225 post
305 4142 470 4223 φάσκοντες
493 4143 583 4207 etiam
607 4142 811 4206 omittendum
834 4150 888 4205 est.

112 4270 113 4274 ’
205 4253 221 4335 d
247 4254 297 4315 19.
343 4259 395 4326 τῆς
417 4254 477 4331 γαρ
499 4252 694 4333 Πολεμάρχου
717 4251 851 4329 γυναικὸς
874 4256 999 4333 χρυσοῦς
1019 4251 1186 4329 ἑλικτῆρας,
1202 4245 1252 4325 οὓς

162 4361 261 4441 ἔχοντ’
285 4363 470 4444 ἐτύγχανεν,
494 4363 540 4428 ὅτε
554 4365 596 4437 τὸ
620 4354 728 4444 πρῶτον
751 4358 833 4437 ἦλθεν
853 4365 891 4436 εἰς
907 4364 959 4438 τὴν
974 4364 1063 4427 οἰκίαν
1079 4362 1249 4445 Μηλόβιος,
