2850 5024
732 380 793 445 lot

261 585 353 669 tlt.
399 580 448 647 κοιὶ
487 577 571 660 ἕτερον
613 580 666 656 μὲν
700 578 880 644 οὐδεπώποτε
918 575 1161 653 ὁπλιτεύσαντες,
1199 577 1310 644 ἱππεύ-

218 718 324 765 σοινπεο
354 692 384 757 a
410 691 467 776 (sic
489 712 572 755 nunc
595 689 734 774 plerique
758 689 911 753 editorum
934 711 970 753 ex
994 688 1092 753 Palat.
1115 685 1205 754 ἵππον
1227 688 1310 763 ὄντες

216 804 263 881 δέ,
292 825 348 888 910
372 824 434 887 quo
458 800 482 864 Ο
506 823 543 865 ex
566 800 770 879 correctione,
794 806 829 864 ut
853 799 989 864 videtur:
1013 799 1136 884 ἔφιπποι
1159 799 1188 865 δὲ
1210 798 1308 877 ὄντες,

215 915 276 980 nisi
298 914 342 980 ibi
364 912 479 998 legitur
501 911 552 994 ἐφ’
575 909 664 977 ἵππον
686 911 714 976 δὲ
738 909 827 995 ὄντες)
850 911 910 975 aa}
933 912 982 976 τὸν
1004 907 1097 976 ἄλλον
1119 909 1220 992 χρόνον
1242 910 1308 977 scal

214 1024 316 1092 πολλοὶ
338 1023 419 1089 κοινῶν
441 1024 507 1094 ποὺς
530 1022 686 1098 πολεμίους
710 1018 908 1097 πεποιηκότες.
956 1019 1118 1085 Scheibius
1140 1042 1212 1084 cum
1234 1020 1309 1085 aliis

215 1136 289 1201 buic
319 1135 387 1224 loco
418 1133 557 1197 medetur
588 1133 701 1196 omisso
729 1131 780 1197 κοοί
810 1138 881 1196 ante
903 1132 952 1198 τὸν
975 1129 1066 1197 ἄλλον
1088 1129 1199 1214 χρόνον.
1243 1130 1310 1196 Sed

216 1247 346 1312 alterum
378 1246 431 1311 κοιί
461 1245 563 1330 potius
594 1244 672 1308 mihi
702 1250 878 1329 suspectum
910 1249 966 1308 est.
1013 1243 1155 1309 Fortasse
1180 1242 1230 1309 nat
1256 1242 1310 1310 τὸν

215 1356 307 1424 ἄλλον
336 1357 437 1438 χρόνον
468 1354 568 1420 πολλοὶ
596 1354 748 1420 natanael
771 1356 837 1427 τοὺς
860 1355 1015 1433 πολεμίους
1038 1353 1236 1430 πεποιηκότες.
1260 1391 1310 1405 -

214 1467 402 1546 Ἀνοιβοοίνειν
425 1466 471 1530 ἐπὶ
496 1465 578 1537 ποὺς
597 1463 700 1536 ἵππους
720 1463 838 1550 (addito
854 1464 1010 1550 articulo),
1028 1464 1112 1550 quod
1126 1465 1219 1550 paulo
1234 1471 1310 1550 post
1390 1553 1393 1557 .

214 1578 339 1664 legitur,
364 1574 527 1660 aliquoties
551 1575 643 1638 etiam
666 1575 759 1639 inor.
777 1576 969 1661 11111111
987 1578 1045 1655 11,
1063 1575 1166 1662 posuit
1180 1575 1309 1661 Lysias,

214 1696 245 1754 et
270 1691 321 1751 16.
348 1689 388 1750 18
414 1692 444 1749 61
469 1684 643 1750 Andocides
670 1689 698 1751 1.
723 1689 776 1750 44.

259 1801 276 1885 q
299 1800 351 1862 25.
398 1793 494 1869 Οὗτος
517 1797 576 1877 γὰρ
600 1805 670 1870 ποιῖς
693 1798 747 1876 μὲν
770 1797 806 1862 ὢν
828 1800 899 1878 παρ’
917 1797 1091 1880 Ἀρχεδήμῳ
1110 1798 1150 1880 τῷ
1169 1794 1312 1875 γλάμωνι

215 1915 331 1976 πολλῶν
362 1907 483 1990 ὁρώντων
517 1907 595 1973 ἔπινε
625 1907 678 1984 μὲν
706 1908 761 1972 ὑπὸ
790 1909 830 1989 τῷ
861 1910 1046 1985 atrocen
1077 1908 1310 1985 κνποοκείμενος,

216 2020 349 2102 ἐκώμαζε
379 2019 409 2084 δὲ
437 2019 502 2098 μεθ’
532 2017 650 2100 ἡμὲρκν.
696 2019 860 2104 Ingeniose
891 2020 1043 2105 Bergkius
1074 2041 1130 2106 pro
1157 2021 1311 2096 οὐποιιοιτι

218 2132 348 2198 coniecit
377 2131 540 2208 οέεπῶμιιπι.
586 2129 697 2216 Neque
726 2131 878 2196 offendere
901 2131 1009 2210 debet,
1035 2132 1119 2216 quod
1140 2130 1313 2208 οὶεπώμοοποο

215 2244 309 2328 vulgo
339 2241 541 2327 templorum,
573 2263 636 2306 non
658 2243 844 2326 privatarum
869 2242 1016 2307 domuum
1041 2249 1143 2322 erant3
1167 2264 1238 2306 nam
1264 2242 1313 2306 ita

215 2355 291 2419 haec
307 2351 479 2417 emendatio
494 2351 613 2415 ratione
628 2351 882 2438 palaeographica
898 2353 1142 2431 commendatur,
1155 2360 1191 2416 ut
1203 2352 1312 2438 potius

217 2489 254 2531 ex
277 2487 312 2529 ea
333 2463 482 2549 loquendi
505 2486 580 2527 usus
605 2462 714 2528 debeat
737 2464 831 2543 effici,
857 2488 953 2550 quam
976 2473 1100 2552 propter
1115 2464 1239 2529 aliunde
1254 2487 1316 2529 no-

216 2583 284 2641 tum
313 2595 429 2638 morem
456 2572 637 2638 aedificandi
667 2575 842 2640 coniectura
873 2576 1050 2662 improbari.
1098 2575 1198 2642 Nemo
1225 2577 1313 2640 enim

214 2685 338 2772 negabit
360 2685 394 2749 in
414 2707 525 2769 magna
547 2684 724 2751 diversitate
747 2685 896 2752 domuum
918 2687 984 2752 fieri
1007 2687 1162 2773 potuisse,
1183 2693 1220 2752 ut
1237 2687 1314 2753 sub-

216 2798 289 2864 inde
329 2796 418 2862 aedes
460 2797 595 2882 privatae
625 2798 782 2884 fastigium
812 2799 938 2885 aliquod
969 2806 1022 2864 aut
1052 2805 1187 2884 partem,
1228 2822 1313 2884 quae

218 2932 289 2975 cnm
319 2931 354 2973 eo
377 2915 480 2993 posset
504 2911 688 2994 comparari,
712 2909 887 2975 habuerint.
932 2910 975 2975 Et
997 2910 1116 2996 aliquot
1138 2917 1220 2975 certe
1241 2911 1314 2976 eius

217 3022 263 3086 111
278 3036 280 3038 ’
295 3019 424 3104 vestigia
456 3021 563 3085 tenuia
595 3028 817 3088 remanserunt.
864 3021 904 3087 In
939 3023 1034 3087 Arist.
1070 3024 1127 3086 Av.
1162 3046 1192 3087 v.
1221 3025 1312 3088 1110

220 3132 331 3197 chorus
354 3131 456 3194 avium
480 3131 519 3195 ad
540 3132 675 3198 iudices:
699 3133 755 3206 τοὶς
779 3134 839 3215 γὰρ
864 3135 944 3212 ὑμῶν
967 3135 1057 3207 ciulac
1081 3132 1218 3215 ἐρέψομεν
1240 3133 1315 3216 πρὸς

217 3241 313 3309 αἰετόν.
348 3240 420 3320 Quo
443 3242 511 3306 loco
534 3244 592 3307 etsi
611 3243 720 3308 domus
741 3244 861 3330 privata
880 3252 1075 3329 comparatur
1090 3261 1160 3308 cum
1175 3243 1314 3328 templo,

216 3361 320 3419 tamen
343 3361 470 3439 apparet
493 3362 610 3440 partem
634 3356 786 3442 quandam
809 3356 918 3421 domus
935 3364 1061 3443 propter
1076 3353 1315 3420 similitudinem

218 3466 281 3530 sive
310 3466 516 3551 metaphorice
547 3467 610 3531 sive
632 3474 876 3550 καταχρηστικῶς
904 3467 1053 3553 appellari
1075 3466 1170 3534 ἀετόν.
1216 3466 1315 3551 Apud

217 3577 439 3663 Hippocratem
462 3576 500 3642 de
523 3578 672 3643 Articulis
692 3602 722 3664 p.
745 3580 820 3643 808.
839 3577 864 3643 F
880 3575 1314 3664 1116111ο111ι11οὶέτωμοιοῖκου,

219 3687 303 3773 quod
325 3687 456 3767 Pollux,
480 3689 665 3768 Erotianus,
691 3689 827 3754 Galenus
852 3690 1029 3757 existimant
1052 3712 1115 3753 csse
1138 3689 1317 3774 prominen-

218 3807 281 3865 tem
303 3801 377 3864 tecti
399 3807 534 3885 partem,
560 3824 638 3885 quae
655 3802 783 3867 imbrem
805 3808 923 3881 arceat,
948 3803 1000 3877 utu
1019 3799 1238 3884 tractaveram
1256 3800 1315 3865 at-

219 3935 314 3991 μοιπος
337 3912 387 3996 (ef.
411 3912 539 3978 Foesius
563 3914 636 3979 Oec.
660 3914 756 4000 Hipp.
781 3913 801 3978 i.
826 3916 875 3998 a).
922 3912 982 3978 Sed
1006 3912 1061 3978 illo
1093 3913 1161 3977 loco
1182 3911 1315 3997 cogitari

219 4046 282 4087 non
316 4031 419 4109 potest
450 4024 487 4089 de
519 4034 604 4112 parte
635 4025 745 4090 domus
777 4048 856 4111 quae
885 4026 919 4089 iu
948 4024 1109 4110 publicum
1139 4031 1312 4109 spectaret3

220 4139 326 4198 nostro
354 4134 422 4198 loco
453 4136 544 4200 verba
567 4142 682 4202 πολλῶν
705 4136 827 4217 ὁρώντων
851 4137 962 4201 docent
985 4134 1175 4199 Alcibiadem
1199 4139 1230 4198 et
1252 4135 1315 4200 Ar·

221 4244 400 4311 chedemum
425 4270 441 4311 6
465 4247 565 4332 911161
588 4249 722 4334 conspici
744 4249 892 4335 potuisse.
932 4249 1042 4335 Itaque
1069 4253 1221 4312 oratorem
1244 4247 1313 4332 opi·

221 4377 277 4419 nor
308 4355 478 4441 significare
508 4359 706 4444 propylaenm
738 4359 863 4439 domus,
897 4359 979 4445 quod
1002 4359 1153 4425 columnis
1176 4358 1312 4424 subinde
