2850 5024
690 390 730 451 70

168 589 334 674 deliquisse
367 587 536 663 videretur,
567 587 648 670 quod
680 611 740 651 nou
773 588 929 667 solvisset,
955 597 986 651 et
1009 596 1169 673 propterea
1191 585 1261 649 eius

168 699 247 763 bona
275 698 424 783 publicari
456 706 589 782 possent.
637 698 695 762 Per
725 699 749 762 δ’
776 697 838 776 οὖν,
867 708 903 762 ut
930 699 1041 783 vulgo,
1067 698 1261 783 significatur

168 810 268 874 omitti
299 811 359 874 iam
391 810 566 873 ulteriorem
595 809 830 894 disputationem
856 810 894 874 de
917 833 949 874 re
972 809 1083 887 dubia,
1108 809 1258 892 quoniam

167 922 228 984 iam
258 943 294 984 ex
318 923 457 1005 superius
480 921 606 1005 positis,
632 922 721 984 certis
744 921 806 984 illis
831 928 861 985 et
883 921 1008 986 minime
1036 920 1153 999 dubiis,
1178 919 1260 984 ratio

168 1032 311 1096 concludi
334 1032 430 1116 possit
437 1059 446 1109 ;
470 1040 524 1095 aut
546 1033 670 1096 omniuo
695 1032 754 1095 alia
777 1055 934 1117 superesse
958 1033 1086 1096 certiora
1112 1032 1152 1096 ad
1180 1054 1260 1117 quae

169 1144 391 1208 transeundum
422 1144 471 1207 sit.
532 1142 603 1207 Non
631 1142 726 1226 igitur
758 1144 896 1207 assentiri
926 1165 1049 1228 possum
1078 1143 1144 1206 viro
1174 1165 1262 1227 prae·

170 1253 355 1317 stantissimo
387 1277 416 1337 p.
450 1255 513 1316 253
546 1252 743 1317 contendenti
773 1257 942 1338 proptera}
966 1251 1060 1318 δὀὖν
1088 1255 1261 1318 necessario
1331 1325 1336 1334 Ι

169 1364 255 1449 sequi
288 1363 396 1427 debere
427 1363 685 1440 conclusionem„
702 1386 779 1448 quae
804 1387 820 1427 e
843 1365 978 1448 proxime
1002 1363 1260 1449 praecedentibus

171 1475 309 1538 ducatur.
357 1474 547 1558 interpretor
579 1473 661 1557 (inde
693 1474 730 1538 ab
753 1477 777 1539 εἰ
801 1473 824 1538 δ’
848 1472 922 1559 οὖν);
947 1475 1103 1561 „quodsi
1127 1475 1263 1541 verma-

169 1587 271 1664 „xime
295 1585 327 1648 hi
350 1608 397 1648 me
420 1585 486 1648 iure
509 1584 709 1649 mulctassent
732 1586 817 1648 etin
841 1593 939 1650 vestra
955 1587 1097 1650 contione
1112 1586 1262 1651 muletam

170 1695 429 1776 „confirmandam
453 1703 628 1775 curassent,
652 1704 755 1759 tamen
779 1719 851 1780 ego,
876 1697 1104 1762 remittentibus
1120 1704 1264 1780 quaesto·

171 1808 293 1886 ,‚ribus,
316 1808 382 1870 iure
403 1809 538 1890 (propter
554 1805 633 1870 hane
649 1807 867 1891 remissionem)
884 1808 975 1893 culpa
990 1832 1085 1873 essem
1102 1808 1263 1873 liberatus.

172 1918 275 1999 „Nam
308 1919 334 1981 si
365 1926 428 1982 erat
459 1917 577 1982 arbitrii
600 1917 736 2001 ipsorum
759 1919 979 2002 (quaestorum)
1002 1920 1197 2003 exigereutne
1223 1941 1264 1985 an

172 2031 399 2109 „remitterent,
431 2053 470 2094 ne
502 2031 528 2092 si
558 2052 595 2092 ex
625 2029 692 2113 lege
716 2028 840 2115 quidem
865 2032 893 2113 (a
918 2008 1070 2115 strategis)
1092 2028 1265 2096 muletatus

174 2165 307 2219 „essem,
335 2164 417 2206 nunc
440 2142 549 2205 merito
572 2139 711 2205 deberem
736 2143 946 2225 (quaestorum
969 2148 1049 2206 esset
1071 2141 1188 2226 culpa);
1213 2142 1265 2207 siu

174 2254 274 2331 „nihil
308 2253 380 2316 licet
414 2254 452 2317 iis
487 2252 655 2329 remittere,
685 2234 740 2316 ⁸sed
773 2253 864 2317 iidem
896 2253 1060 2318 reddendis
1091 2253 1265 2319 rationibus

172 2365 319 2442 „obnoxii
342 2371 431 2441 suut,
455 2363 543 2427 facile
566 2363 677 2426 iustam
700 2384 828 2447 poenam
851 2363 1039 2428 incurrent.''

218 2475 257 2539 In
285 2477 302 2559 d
333 2476 370 2537 15
402 2473 571 2538 notandum
603 2481 648 2537 est
678 2476 729 2548 τὴν
760 2476 844 2553 ὀργὴν
871 2477 1094 2551 συνεστήσαντο.
1141 2472 1265 2541 Ibidem

173 2570 344 2665 παρέβησαν
375 2586 441 2656 τοὺς
471 2582 565 2663 ὅρκους
597 2605 675 2649 nove
706 2582 822 2648 dictum
853 2592 900 2648 est
930 2592 962 2648 et
992 2584 1094 2650 studio
1124 2579 1267 2671 quaesita

173 2696 389 2781 ambiguitate;
420 2697 616 2760 observarant
646 2695 727 2759 enim
759 2696 885 2780 strategi
911 2695 1144 2775 iusiurandum,
1178 2695 1265 2781 quod
1323 2779 1325 2783 Ι

174 2808 323 2873 delectum
355 2807 525 2872 habuerant
531 2833 540 2884 ;
572 2807 633 2870 imo
665 2806 734 2891 plus
769 2807 903 2870 fecerant
937 2829 1029 2891 quam
1064 2806 1264 2892 exigebatur,

174 2943 243 2985 nam
267 2907 358 2985 etiam
381 2941 448 2996 eos,
474 2919 526 3002 qui
541 2918 603 2983 iam
618 2914 840 2996 militaverant,
858 2901 1042 3002 scripserant
1056 2919 1188 2998 milites3
1205 2919 1268 2985 hoc

175 3030 269 3116 igitur
299 3053 361 3094 non
389 3029 512 3113 quidem
536 3029 629 3106 falso,
654 3029 707 3092 sed
729 3029 880 3093 malitiose
903 3029 980 3094 dicit
1002 3031 1174 3112 παραβῆναι
1196 3032 1266 3104 τοὺς

175 3140 278 3222 ὅρκους.

218 3253 256 3316 Ινι
284 3259 434 3336 postrema
456 3249 602 3316 orationis
626 3257 711 3334 parte
734 3249 805 3314 inde
829 3272 846 3313 a
870 3250 1003 3315 sectione
1030 3253 1070 3315 16
1095 3250 1266 3337 deprehen·

175 3366 292 3429 duntur
303 3364 402 3427 multa
413 3371 467 3426 aut
478 3363 608 3429 obscura
619 3370 673 3426 aut
693 3363 772 3427 inter
789 3385 820 3426 se
836 3364 1049 3448 repugnantia.
1071 3362 1268 3445 Verbaapod·

175 3465 259 3543 θέσαν
283 3477 312 3541 δὲ
335 3478 375 3555 τῷ
399 3476 500 3548 πλήθει
523 3474 738 3552 βουλεύσασθαι
766 3473 829 3554 περὶ
856 3480 906 3539 τοῦ
926 3475 1080 3564 σώματος,
1105 3474 1268 3556 ζημιώσαν-

174 3613 223 3660 τες
253 3589 306 3665 μὲν
336 3590 372 3658 ὡς
399 3589 450 3662 τὴν
477 3587 571 3667 ἀρχὴν
601 3586 796 3665 λοιδοροῦντα,
832 3587 1121 3666 κατολιγωρήσαντες
1153 3585 1182 3650 δὲ
1212 3595 1267 3653 τοῦ

175 3699 295 3781 δικαίαν,
327 3698 492 3778 βιαζόμενον
522 3698 670 3775 arerem
701 3695 734 3772 ἐξ
763 3695 893 3768 ἅπαντας
924 3698 1030 3780 λόγον,
1063 3698 1138 3762 haec
1168 3698 1267 3784 igitur

175 3810 266 3874 verba
287 3794 325 3872 ad
349 3832 490 3893 praeseus
513 3809 661 3875 iudicium
685 3815 833 3893 spectant.
880 3808 940 3877 Sed
963 3817 1128 3894 antequam
1151 3833 1265 3894 pergo,
1349 3840 1352 3847 ⁴

174 3921 259 3985 lubet
282 3921 403 4004 singula
426 3943 533 3984 causae
556 3928 710 3989 momenta
730 3920 763 3983 iu
780 3921 955 3984 memoriam
970 3943 1120 3986 revocare.
1156 3925 1183 3985 l.
1207 3921 1267 3986 Po·

174 4032 299 4116 lyaenus
334 4032 421 4096 miles
457 4032 601 4096 scribitur
635 4032 689 4095 sed
724 4031 865 4095 militiam
900 4032 1058 4097 detrectat.
1114 4035 1143 4095 2.
1175 4031 1266 4098 Idem

174 4143 367 4227 magistratui
397 4142 569 4218 maledicit,
603 4149 788 4226 quapropter
818 4143 934 4205 mulcta
964 4143 1111 4226 (ἐπιβολήν
1135 4143 1163 4206 ei
1186 4143 1267 4209 iudi·

174 4255 253 4317 citur
277 4277 294 4317 a
317 4255 472 4337 strategis,
496 4261 549 4317 aut
572 4254 712 4338 strategis
734 4275 802 4316 cum
820 4253 973 4318 archonte.
1010 4253 1099 4319 Hauc
1114 4255 1265 4321 mulctam

174 4367 334 4430 remittunt
358 4372 540 4448 quaestores.
576 4365 654 4435 Turn
676 4365 846 4429 instituunt
869 4366 983 4431 archon
1002 4374 1033 4431 et
1049 4366 1174 4450 strategi
1189 4367 1266 4436 duo-
