2850 5024
638 382 677 441 89

114 579 240 643 modum
263 580 403 662 frequens
427 578 486 641 iam
510 578 581 642 inde
605 579 642 644 eb
666 579 800 642 Homero
824 588 870 641 est
882 577 1066 641 consociatio
1083 584 1199 639 contra-

114 692 245 768 riorum,
270 690 308 754 ad
331 691 475 755 maiorem
500 690 630 754 orationi
654 690 812 775 emphasin
836 688 1067 754 conciliandam.
1093 685 1198 766 Ἕκτορ

114 801 180 866 ἐπεί
199 826 239 879 με
260 802 327 866 κατ’
350 798 437 866 αἶσαν
459 802 603 873 ἐνείκεσας
625 801 680 867 οὐδ’
701 803 769 882 ὑπὲρ
786 797 887 879 αἶσαν,
905 799 1008 865 Ι1.Ἧ.
1027 801 1108 875 333;
1124 798 1196 876 μὰψ

115 912 192 991 neap
222 915 252 978 ού
282 915 362 980 κοντοὶ
392 914 514 991 κόσμον,
535 912 593 977 Od.
619 913 680 978 ΠΙ.
707 917 769 978 138
794 924 825 978 et
848 913 886 978 al.
922 911 1068 976 Similiter
1091 908 1199 992 tragici

116 1024 216 1100 γνωτοὶ
239 1025 308 1087 κούκ
330 1021 469 1102 ἄγνωτα,
493 1023 586 1109 Soph.
611 1023 685 1088 Off.
712 1027 763 1089 58.
796 1026 876 1090 Phil.
900 1024 1112 1091 771τὲκύντα,
1126 1018 1197 1096 pale)
1220 1074 1222 1079 .

115 1135 224 1200 ἄκοντα
253 1174 298 1183 -
327 1136 461 1212 κεύεῖνοοι.
507 1134 581 1199 Ο.Τ.
617 1140 719 1200 123οι
752 1139 833 1202 κακοὶ
863 1137 965 1202 ἑκύντα
985 1138 1053 1200 κούκ
1079 1131 1197 1198 ύκοντα.

117 1245 267 1332 Opposita
289 1247 479 1311 substantiva
502 1250 656 1333 componit
681 1249 857 1313 Herodotus
876 1247 920 1312 Π.
941 1249 1020 1312 172ι
1046 1246 1132 1327 σοφίη
1147 1245 1199 1307 eo-

116 1361 181 1428 τοὺς
204 1359 386 1436 wem,
416 1360 465 1422 ούκ
488 1360 677 1438 οὶρνιοροοσύνη
700 1360 910 1440 προςηνύνετο.
959 1358 1053 1444 Apud
1075 1355 1198 1440 Lysiam

120 1472 170 1531 18.
195 1471 212 1530 2
239 1477 285 1533 est
307 1468 362 1534 ύσα
385 1470 410 1533 δ’
429 1473 461 1534 ού
484 1470 656 1549 βουλόμενος
681 1474 751 1536 ἀλλ’
769 1469 846 1536 ύοκων
869 1469 1036 1548 ηνανκύσύη
1065 1476 1198 1550 ποιησαι,

117 1581 170 1664 qui
193 1581 278 1644 locus
302 1603 372 1644 sene
396 1582 550 1645 verbosior
571 1590 634 1661 est;
651 1584 704 1647 sed
721 1584 758 1647 cl.
775 1583 863 1648 Dem.
882 1585 911 1644 2.
933 1584 987 1659 16;
1004 1580 1075 1664 Lys.
1094 1582 1145 1642 24.
1164 1585 1199 1641 4:

115 1689 165 1754 καὶ
196 1691 255 1771 γὰρ
284 1694 324 1772 τῷ
348 1693 469 1770 σιύραατι
495 1693 630 1759 δύνασύαι
654 1694 703 1758 καὶ
727 1698 776 1759 ούκ
799 1689 869 1759 εἶναι
892 1697 947 1758 τῶν
969 1689 1126 1756 lacedem.
1151 1687 1197 1752 (lf.

116 1802 207 1865 etiam
230 1803 308 1866 infra
330 1806 346 1887 p
370 1806 427 1880 22,
452 1804 508 1867 sub
532 1805 570 1867 f.:
599 1812 658 1875 πῶς
682 1809 731 1870 ούκ
758 1805 794 1870 ἂν
817 1803 983 1881 ηνύνκασεν
1007 1805 1022 1877 ἡ
1046 1801 1138 1880 βουλὴ
1161 1802 1200 1865 εἰ·

116 1920 179 1976 πεῖν
209 1914 250 1978 τοὶ
280 1915 411 1991 σ’νύραοιτοι
436 1916 583 1995 Θεόκριτον
604 1917 653 1979 κού
677 1919 719 1992 μη
744 1916 886 1992 ἀνώνυμον
909 1916 960 1988 την
982 1914 1101 1990 ροήνυσιν
1124 1913 1201 1984 ποιη-

117 2025 233 2089 σασύιιι.
280 2024 367 2088 Dem.
402 2027 453 2088 20.
480 2028 560 2089 138:
590 2028 613 2090 εἶ
636 2027 665 2090 δὲ
687 2033 771 2091 τούτο
794 2026 950 2106 φεύξονται
973 2024 1022 2090 καὶ
1046 2025 1088 2102 μὴ
1107 2023 1200 2095 ἐύελύ-

117 2158 195 2199 τουσι
227 2145 322 2201 ποιεῖν.
370 2136 429 2200 Sed
461 2138 604 2202 maiorem
640 2138 850 2202 difficultatem
881 2136 1040 2223 sequentia
1070 2135 1201 2199 habent:

116 2241 193 2318 ύπως
215 2249 371 2328 πιστότερα
395 2250 461 2315 too
485 2251 679 2332 ὑποφαίνοιτο.
727 2251 890 2336 Exspectes
919 2250 1099 2329 πιστότερος,
1126 2246 1199 2310 nim.

117 2357 286 2438 Ἀγόρατος.
308 2394 310 2398 ⁴
333 2359 428 2423 Porro
460 2361 644 2443 ὑποφαίνοιτο
675 2369 785 2426 νεηνίαι
809 2369 970 2446 appareret
993 2361 1030 2423 ab
1053 2361 1110 2423 hoc
1133 2357 1201 2420 loco

117 2451 260 2533 alienum.
308 2470 367 2533 Pro
393 2480 582 2537 ΎΜΙΝΎΠΟ
609 2473 677 2556 lego
704 2482 926 2550 HMHNTCIG,
951 2470 1025 2542 ύπωε
1046 2470 1202 2547 πιστοτέρα

118 2583 134 2654 ἦ
158 2581 277 2657 Ικη’νυσις
300 2583 440 2661 φαίνοιτο.
488 2581 553 2646 Neo
584 2583 735 2647 offendere
764 2583 855 2648 debet
877 2581 1060 2646 vocabulum
1083 2580 1201 2656 μήνυσις

119 2692 238 2775 saepius
268 2694 416 2776 positum3
453 2694 488 2757 cf.
518 2717 557 2757 ne
588 2694 710 2779 long'ius
742 2694 847 2760 abeam
885 2697 902 2779 S
933 2696 993 2769 20,
1026 2690 1080 2755 ubi
1109 2689 1201 2767 βουλή

119 2810 227 2885 quater
251 2804 391 2887 ponitur;
415 2804 460 2868 ibi
482 2805 574 2867 semel
598 2805 722 2891 quidem
746 2805 948 2870 omittendum
972 2803 1048 2867 mihi
1064 2801 1201 2866 videtur:

118 2915 143 2978 οἱ
172 2915 232 2995 γὰρ
262 2915 363 2979 πολλοὶ
395 2917 418 2979 οἱ
451 2914 484 2991 ἐξ
511 2917 617 2991 ἐκείνης
640 2926 692 2991 τῆς
715 2917 824 2994 βουλῆς
846 2919 898 2991 την
921 2917 1041 2996 ύστέραν
1066 2912 1201 2998 [βουλήν]

118 3026 171 3098 την
193 3026 239 3090 ἐπὶ
264 3033 318 3091 τῶν
340 3026 493 3105 τριακοντοι
516 3027 678 3105 ἐβούλευον.
725 3028 852 3113 Saepius
876 3027 920 3093 ibi
938 3026 1138 3092 nihilominus
1153 3045 1204 3086 vo·

119 3136 263 3201 cabulum
286 3138 427 3222 ponitur,
457 3161 549 3222 quam
572 3161 641 3204 eum
666 3139 798 3224 eleganti
820 3148 851 3203 et
874 3139 1016 3225 diligenti
1039 3137 1110 3202 stilo
1134 3158 1204 3200 con·

119 3248 221 3312 venire
245 3249 398 3326 videatur3
424 3273 520 3335 quum
542 3252 719 3336 praesertim
741 3253 774 3315 in
797 3252 901 3316 eadem
925 3253 1057 3315 sectione
1078 3249 1203 3312 verbum

118 3359 267 3436 βουλεύειν
298 3360 344 3424 bis
376 3368 517 3445 ponatur.
548 3360 594 3424 Of.
620 3363 712 3426 etiam
734 3365 750 3447 d
774 3365 814 3425 51
840 3343 908 3447 etp
931 3365 984 3440 47,
1009 3362 1063 3426 ubi
1087 3359 1206 3424 etiamsi
1248 3432 1254 3445 ι

120 3469 230 3542 πόλεως
254 3470 346 3534 semel
370 3470 574 3535 omittendum
598 3474 654 3549 sit,
679 3481 773 3537 restat
796 3481 898 3538 tamen
921 3474 1000 3539 illud
1023 3473 1206 3538 vocabulum

120 3589 167 3645 ter
197 3582 332 3667 positum
340 3608 349 3657 ;
380 3581 512 3664 denique
541 3585 593 3645 26.
628 3586 679 3647 12.
727 3583 785 3647 Sed
814 3592 940 3670 apparet
962 3585 993 3648 in
1018 3584 1075 3649 hoc
1099 3606 1208 3669 genere

121 3693 240 3757 Atticos
265 3693 365 3757 minus
388 3703 493 3756 cautos
513 3694 615 3758 fuisse.

164 3806 256 3890 ύ22.
303 3802 374 3869 εἶναι
405 3807 512 3886 ἑτέρους
543 3803 569 3870 οἳ
591 3808 680 3888 ἐροῦσι
704 3810 744 3872 τοὶ
767 3809 914 3890 ἐνύματα,
940 3808 1026 3878 αὐτὸς
1051 3806 1073 3870 δ’
1097 3810 1146 3872 οὐκ
1169 3804 1205 3870 ύν

122 3941 192 3981 ποτε
221 3925 336 3992 ποιῆσαι
366 3923 497 3981 ταῦτα.
525 3917 617 3982 καίτοι
641 3919 664 3982 εἰ
688 3920 729 3996 μη
752 3922 784 3983 ἐκ
808 3927 993 3997 παρασκευῆς
1016 3917 1203 3995 ἐμηνύετο,

123 4032 182 4099 πῶς
212 4029 262 4090 ούκ
290 4024 325 4089 aa
356 4025 521 4103 ύνούνκασεν
553 4029 569 4102 ἡ
599 4027 692 4106 βουλη
716 4031 805 4093 εἰπεῖν
828 4030 868 4094 τύ
891 4028 1021 4106 ύνύραατα
1045 4027 1203 4106 Θεόκριτον.

122 4137 155 4200 Si
186 4137 223 4200 de
254 4136 407 4201 delatione
439 4138 619 4222 apluribus
641 4139 721 4203 facta
745 4147 884 4224 ageretur
907 4163 969 4204 non
992 4140 1104 4203 mirum
1127 4148 1206 4204 esset

124 4250 277 4334 passivum
308 4249 526 4334 impersonale5
563 4249 616 4312 sed
647 4251 679 4313 in
710 4251 855 4334 proximis
886 4251 923 4314 de
953 4273 1015 4314 uno
1044 4250 1205 4315 Theocrito

124 4362 234 4446 agitur.
282 4361 319 4424 In
343 4361 550 4447 superioribus
573 4366 672 4426 ταῦτα
699 4384 760 4425 non
784 4369 864 4427 reete
886 4362 1042 4440 sehabet,
1060 4364 1206 4448 quoniam
