2850 5024
625 288 687 350 179

12 571 14 575 y
112 485 180 565 ὑπὲρ
204 488 308 551 αὑτῶν.
355 487 423 550 Ηοο
456 487 553 549 voluit
580 486 739 562 DobreuS‚
767 487 834 549 iure
858 484 1014 568 vulgatam
1039 483 1200 546 obscuram

112 602 142 656 et
174 596 349 679 ambiguam
380 595 494 658 dicens.
542 594 602 658 Sed
635 595 703 672 ὑπὲρ
737 595 832 671 ὑμῶν
863 591 1052 655 commodam
1076 591 1200 674 praebet

113 705 313 781 sententiam3
346 712 433 768 erant
464 705 545 768 enim
574 704 607 766 in
636 703 729 780 urbe,
754 703 808 785 qui
831 702 918 765 taciti
942 708 1113 784 sperarent,
1137 701 1201 762 fore

114 818 149 874 ut
180 812 344 878 adversarii
374 816 541 878 vincerent.
589 812 698 876 Omnis
730 812 935 897 oppositionis
962 812 1008 873 vis
1036 818 1081 873 est
1105 811 1137 872 in
1160 810 1202 873 a·

112 919 208 991 διότας
232 929 263 984 et
286 929 496 1001 πολεμοῦντας.
543 922 671 1006 Saepius
698 923 732 984 in
758 921 816 984 hac
839 920 977 984 oratione
1001 925 1202 1003 opponuntur

115 1034 199 1106 ἡμεῖς
223 1032 276 1113 (:
299 1033 323 1095 οἱ
345 1034 374 1095 ἐν
397 1030 481 1096 ἄστει
508 1033 671 1114 μείναντες)
695 1037 726 1094 et
749 1031 831 1107 ὑμεῖς
854 1033 908 1113 (=
931 1031 955 1093 οἱ
977 1030 1150 1112 Φεύγοντος)
1167 1032 1203 1090 ut

114 1140 131 1220 p
154 1141 206 1200 21.
242 1137 452 1203 Veruntamen
484 1161 520 1202 eo
542 1162 643 1224 neque
668 1139 718 1202 hio
741 1138 827 1201 locus
853 1138 882 1221 (p
902 1141 973 1220 21),
997 1159 1096 1220 neque
1119 1138 1136 1219 l}
1162 1138 1201 1197 13

115 1249 188 1310 satis
204 1247 393 1325 defenditur,
415 1249 469 1312 ubi
490 1271 552 1311 non
571 1248 677 1324 video,
697 1248 773 1331 quid
792 1247 903 1311 melius
919 1247 1041 1323 faciam,
1060 1267 1151 1328 quam
1166 1252 1202 1307 ut

115 1356 237 1420 Dobreo
261 1357 468 1440 obtemperem
492 1365 522 1421 et
546 1358 674 1421 scribam
698 1358 768 1437 παρ’
792 1360 887 1420 αὐτῶν
910 1357 1008 1419 aloru
1031 1354 1202 1431 εἰληφότες,

116 1486 171 1546 pro
194 1466 264 1545 παρ’
288 1470 376 1542 ἡμῶν.
423 1465 465 1529 Et
489 1467 644 1550 superiore
668 1467 801 1529 sectione
825 1467 894 1549 βῆ
916 1465 1026 1528 melius
1050 1472 1130 1527 esset
1152 1466 1204 1538 τὴν

117 1576 208 1647 αὐτὴν
224 1574 413 1646 κατελθόντες
429 1575 492 1648 τεαὶ
509 1580 588 1654 ἡμῶν
604 1577 722 1652 γνώμην
738 1574 843 1656 ἔχετε,
861 1573 947 1654 όνπερ
963 1575 1125 1651 astyaces
1141 1576 1203 1655 περὶ

118 1684 195 1754 ὑμῶν
218 1685 312 1747 αὐτῶν
335 1684 462 1767 [εἴχετε]
485 1705 578 1766 quam
594 1683 677 1767 quod
693 1705 777 1746 nunc
793 1683 909 1766 legitur
924 1684 986 1762 περὶ
1004 1687 1113 1760 αὐτῶν,
1130 1685 1205 1746 rela-
1232 1705 1237 1717 ·

118 1797 183 1852 tum
202 1790 240 1852 ad
256 1789 375 1868 ἑτέρους.
408 1791 447 1854 In
463 1793 523 1854 fine
539 1791 741 1876 paragraphi:
759 1793 910 1869 ἡγούμενοι
927 1792 974 1854 διὰ
989 1792 1040 1864 τὴν
1056 1798 1111 1855 τῶν
1127 1792 1205 1872 τριό-

117 1922 205 1962 κοντα
228 1902 361 1979 τονκοόαν
381 1901 456 1965 πολὺ
480 1904 597 1977 μαλλον
620 1902 795 1975 οιοόόσεοόαι
819 1903 836 1975 ἢ
860 1901 907 1963 aa
930 1902 982 1973 rba
1003 1905 1058 1964 τῶν
1077 1900 1204 1980 φευγόν-

119 2032 175 2070 τιον
205 2008 326 2085 δύναμιν
357 2010 494 2074 κατιέναι
514 2011 633 2073 numeri
665 2010 788 2073 oratorii
819 2010 993 2092 postulant,
1018 2017 1054 2071 ut
1077 2011 1205 2074 auritum

123 2117 300 2180 retineatur.
332 2117 389 2180 «Et
417 2119 592 2192 συόήοεοόαι
615 2117 708 2181 habet
730 2118 829 2180 multo
852 2117 992 2180 latiorem
1016 2116 1209 2199 significatio-

121 2247 191 2288 nem
223 2247 314 2308 quam
345 2226 485 2288 κατιέναι.
532 2223 621 2288 Nihil
649 2227 731 2288 enim
755 2224 907 2308 estquod
931 2232 1036 2307 cogat,
1060 2231 1098 2287 ut
1119 2226 1208 2300 ουόή-

121 2336 221 2397 οεοόαι
242 2333 456 2396 tantummodo
481 2333 519 2396 de
541 2333 645 2396 reditu
667 2334 700 2396 in
716 2335 846 2418 patriam
862 2334 1108 2416 interpretemur,
1125 2334 1209 2417 quod

121 2451 188 2505 tum
220 2442 344 2506 demum
375 2442 581 2504 necessarium
612 2448 709 2518 esset,
738 2442 764 2504 si
794 2438 907 2523 οἴκαδε,
937 2441 1014 2520 δεῦρο
1038 2442 1086 2503 vel
1110 2441 1208 2504 simile

122 2551 199 2635 quid
222 2551 361 2615 additum
383 2559 483 2628 'esset3
507 2550 559 2613 sed
583 2551 787 2635 conplectitur
809 2549 901 2612 simul
925 2572 960 2612 ea
983 2550 1063 2613 bona
1079 2572 1157 2632 quae
1173 2572 1211 2613 ex

121 2663 218 2744 patria
249 2663 282 2726 iu
309 2662 465 2746 integrum
487 2663 633 2725 restituta
656 2667 840 2745 proventura
863 2668 958 2722 erant.
1007 2658 1137 2722 Mirifice
1160 2658 1210 2721 tri-

122 2778 196 2852 gent
219 2770 236 2844 ἢ
259 2770 307 2833 aa
329 2771 381 2843 τὴν
404 2775 460 2834 τῶν
482 2768 651 2852 Φευγόντων
674 2769 795 2845 δύναμιν
819 2768 931 2830 omisso
955 2768 1085 2832 κατιέναι
1100 2767 1133 2830 in
1151 2767 1210 2829 fine

122 2878 290 2942 sententiae
321 2880 431 2962 posita.
477 2879 519 2942 Et
549 2879 686 2942 conferas
718 2879 811 2961 paulo
839 2885 910 2960 post
933 2877 1000 2957 (33)
1024 2875 1211 2939 τυνόοόνεοόαι

122 2987 175 3062 μὲν
197 3024 242 3034 -
265 2987 452 3052 ulularuntul
475 2988 520 3062 δέ,
545 2988 601 3051 ubi
624 2995 671 3050 est
694 2987 798 3050 eadem
823 2986 975 3048 rhetorica
998 2984 1131 3047 ubertas.
1164 2982 1210 3046 of.

125 3098 175 3157 lb.
199 3098 246 3158 13.
287 3093 353 3158 Nee
381 3096 544 3159 fortuitum
571 3103 648 3179 puto
676 3096 811 3158 sectione
839 3097 881 3155 24
909 3092 965 3156 sub
993 3093 1045 3155 fin.
1075 3093 1125 3164 riu
1153 3093 1213 3171 γαρ

121 3206 229 3268 τούτοιν
255 3207 423 3284 πονηρίαν
446 3206 555 3269 ἑαυτῶν
591 3207 729 3282 ἡγοῦνται
761 3204 940 3280 τιοτκρόαν
964 3209 995 3264 et
1018 3203 1034 3284 ᾧ
1057 3203 1098 3262 33
1123 3224 1213 3274 rora·

121 3310 184 3391 ριἀν
206 3349 250 3359 -
272 3312 421 3391 τιμωρίαν.
469 3310 516 3374 Of.
541 3311 621 3374 intra
644 3310 682 3373 ad
706 3319 783 3374 orat.
809 3314 850 3374 30
876 3309 1146 3392 (Nicomaoheam).

166 3422 183 3503 p
207 3423 259 3483 23.
307 3421 398 3485 Οὐδὲν
420 3420 479 3498 γὰρ
503 3417 539 3483 όιν
560 3419 602 3492 εἴη
623 3421 721 3490 αὐτοῖς
738 3419 946 3496 χαλεπώτερον
966 3416 1089 3496 τούτων,
1111 3419 1127 3490 ἦ
1147 3442 1215 3482 τυν-

121 3529 254 3593 όοόνεσόαι
277 3529 347 3610 μέν,
373 3541 400 3592 κ.
423 3553 453 3591 τ.
478 3529 500 3591 ἓ.
548 3527 677 3591 Minime
701 3526 851 3589 assentior
874 3524 997 3587 Dobreo
1022 3525 1038 3600 ἦ
1062 3526 1213 3603 eiicienti‚
1245 3595 1251 3608 .

123 3659 201 3719 quae
232 3637 419 3701 constructio
445 3637 522 3699 mihi
545 3636 680 3719 pedestri
703 3635 835 3698 orationi
858 3632 1061 3696 abiudicanda
1085 3635 1214 3698 videtur.
1239 3651 1246 3665 ⁸

123 3746 202 3809 Plat.
228 3745 322 3829 Gorg.
347 3769 378 3829 p.
404 3747 479 3807 519.
504 3744 551 3807 D:
575 3744 625 3808 καὶ
644 3744 746 3808 τούτου
766 3748 817 3807 τοῦ
838 3744 926 3819 λόγου
944 3744 975 3806 τι’
995 3743 1031 3806 όιν
1049 3743 1216 3821 ἀδικώτερον

123 3855 165 3928 εἴν
182 3858 328 3934 τοῖινμα.
344 3853 505 3933 ἀνθρώπους
520 3852 649 3928 όναόοὺς
665 3849 714 3914 καὶ
731 3851 854 3920 δικαίους
871 3849 1039 3927 γενομένους
1050 3867 1098 3898 -·
1111 3851 1217 3914 οέόικεῖν

123 3963 215 4041 τούτῳ
237 3957 258 4043 ᾧ
282 3965 333 4026 οὐκ
356 3963 489 4041 έχουοινς
515 3961 705 4024 accusativus
730 3983 799 4024 curn
823 3959 976 4022 infinitivo
1000 3981 1054 4042 per
1075 3981 1218 4042 epexege-

125 4073 173 4134 sin
198 4070 322 4133 additus
341 4091 510 4152 suspensus
527 4076 573 4131 est
589 4090 627 4131 ex
641 4068 747 4145 λόγου,
765 4067 913 4131 vocabulo
930 4065 1062 4128 dicendi.
1087 4066 1218 4150 Reliqua

126 4179 264 4263 exempla
295 4186 369 4241 sunt
400 4184 560 4262 poetarum
592 4176 666 4239 Eur.
692 4178 760 4239 Ale.
787 4178 867 4237 899:
893 4175 923 4238 τό
946 4175 1005 4254 νόον
1028 4173 1105 4253 οὶνόρὶ
1130 4177 1218 4239 κακόν

1044 4287 1100 4342 12*
