2850 5024
685 366 748 424 166

168 570 214 626 est
231 565 259 647 (q
278 564 340 643 11).
385 559 479 623 Nunc
503 581 573 622 vero
597 566 668 622 ante
691 560 792 624 forum
816 560 1011 624 Polemarchi
1034 582 1142 623 rursus
1167 558 1263 622 adest.

168 674 310 737 Certatur
334 672 371 734 de
394 674 583 752 ἀντιγραφῇ,
608 678 645 733 ut
668 678 795 755 apparet
819 694 855 734 ex
879 672 895 753 6
917 674 974 733 16;
1000 680 1053 745 τῆς
1071 694 1105 735 τε
1124 671 1265 749 ἀντιγρα-

167 790 227 863 φῆς
256 780 341 846 ἕνεκα
370 781 526 852 ταυτασὶ
557 778 606 843 κα1
639 782 730 854 αὐτῆς
762 788 815 852 τῆς
848 781 926 854 δίκης
961 781 1048 863 (nim.
1081 778 1263 863 principalis

167 892 295 955 actionis
317 889 465 965 iniuriae,
490 890 506 971 6
528 891 559 970 2)
583 895 614 951 61
630 888 753 971 quidem
770 888 930 973 aliquanto
946 896 1109 972 postquam
1126 889 1264 972 primum

167 1024 259 1065 causa
290 1001 323 1063 in
350 1001 399 1062 ius
428 999 529 1061 delata
555 1006 618 1074 est3
643 1020 713 1062 nam
738 999 878 1081 quaeda
904 996 1072 1062 Nicomede
1094 1008 1263 1062 narrantur

168 1114 195 1195 (6
210 1113 241 1194 9)
258 1111 499 1174 intercesserant.
535 1107 583 1170 De
607 1110 778 1188 ἀντιγραφῇ
804 1108 867 1170 sive
883 1115 1073 1189 παραγραφῇ
1096 1107 1261 1172 61Μ6161.

168 1228 198 1283 et
221 1219 423 1283 Seboemann.
449 1241 479 1302 p.
506 1221 580 1282 617.

211 1328 258 1390 De
289 1328 381 1390 huius
413 1327 560 1389 orationis
593 1332 716 1390 auctore
747 1326 927 1390 dubitanter
951 1326 1091 1411 loquitur
1114 1327 1146 1389 in
1170 1325 1261 1389 Misc.

167 1437 257 1500 Obss.
292 1435 418 1500 Amstel.
448 1434 483 1496 Τ.
501 1433 575 1497 VII.
607 1457 637 1518 p.
663 1437 726 1497 319
760 1435 806 1497 vir
835 1436 943 1498 doctus
973 1435 1085 1518 aliquis
1108 1434 1262 1518 (Dobreus

167 1545 436 1609 Hemsterhusium
468 1544 561 1620 dicit,
595 1544 649 1607 sed
681 1544 871 1628 subscriptae
907 1553 979 1607 sunt
1002 1545 1125 1608 litterae
1147 1543 1177 1606 J.
1203 1544 1262 1626 u).

166 1655 318 1738 Equidem
342 1653 490 1737 spondere
515 1653 630 1728 ausim,
655 1653 734 1716 hanc
757 1652 918 1736 Lysiacam
943 1676 1025 1729 esse,
1050 1637 1103 1716 sed
1125 1659 1179 1716 aut
1193 1655 1264 1716 'non

166 1767 240 1828 satis
263 1765 300 1828 ab
325 1771 448 1827 auctore
472 1770 528 1826 aut
551 1763 624 1825 satis
649 1785 802 1847 superque
823 1763 860 1826 ab
882 1763 951 1826 aliis
968 1763 1112 1827 relictam.
1145 1761 1265 1825 Rerum

167 1875 352 1937 enarrationi
376 1896 439 1936 non
463 1873 576 1937 desunt
598 1872 717 1935 lumina
741 1894 812 1948 sua3
838 1872 931 1935 habet
955 1871 1030 1934 haec
1054 1870 1262 1946 evidentiam,

167 2005 245 2066 quae
277 1982 387 2066 Lysiae
418 1983 540 2065 propria
572 1988 634 2057 est3
665 1980 718 2043 sed
749 1980 880 2043 subinde
912 2001 1009 2042 nexus
1038 1979 1263 2048 sententiarum

166 2114 228 2154 non
248 2093 400 2175 optimus,
422 2101 452 2154 et
472 2092 561 2175 plena
582 2092 732 2175 expositio
756 2113 865 2154 causae
889 2090 1091 2153 desideratur.
1128 2089 1161 2151 Si
1185 2088 1264 2152 divi-

166 2202 232 2263 nari
256 2201 345 2278 licet,
371 2202 499 2265 dixerim
524 2203 676 2285 epitomen
700 2223 780 2277 esse,
805 2221 884 2282 quae
908 2199 1040 2263 conferri
1063 2199 1164 2282 possit
1188 2220 1261 2262 cum

169 2311 264 2374 altera
287 2310 519 2374 Theomnestea.
567 2310 695 2373 Alienae
727 2331 836 2372 manus
869 2309 1018 2372 indicium
1041 2314 1114 2370 sunt
1137 2328 1265 2391 quoque

166 2419 256 2482 verba
286 2420 337 2482 καί
364 2443 411 2494 μοι
443 2418 572 2494 ἐπίλαβε
605 2418 638 2481 τὸ
667 2416 751 2498 ὕδωρ,
777 2439 855 2502 quae
879 2419 913 2481 in
935 2416 1046 2500 Lysiae
1069 2414 1262 2479 orationibus

165 2527 240 2591 alibi
269 2528 321 2590 vix
351 2527 553 2590 inveniuntur
584 2534 614 2590 et
645 2548 708 2589 non
733 2534 805 2609 apta
829 2534 902 2590 sunt
926 2526 1068 2589 brevitati
1091 2524 1201 2601 huius,
1229 2526 1262 2587 in

165 2659 225 2720 qua
248 2636 362 2700 oranda
385 2658 448 2699 non
472 2636 637 2699 verendum
663 2643 788 2698 eratne
812 2643 935 2719 tempus
959 2636 1085 2699 deesset.

488 2869 580 2914 XXIV.
612 2877 682 2915 ’ΥΠΕΡ
704 2877 758 2914 Tor
778 2876 939 2915 ΑΔΤΝΑΤΟΤ.

208 3069 224 3150 q
250 3071 278 3129 1.
315 3068 460 3148 πρόφασιν
480 3071 530 3149 ἐφ’
542 3066 573 3142 ἧς
592 3075 643 3132 τοῦ
659 3069 724 3144 βίου
742 3069 829 3145 λόγον
845 3070 926 3144 δοίην.
957 3069 1056 3144 Usus,
1073 3069 1133 3132 nisi
1149 3069 1258 3147 fallor,

164 3176 301 3260 postulat
324 3177 373 3255 ἐφ’
396 3173 423 3256 ᾗ

207 3288 276 3369 qt.
322 3285 431 3355 τούτοις
458 3287 558 3364 φθονεῖ
585 3284 631 3356 οὓς
656 3288 679 3350 οἱ
703 3285 787 3351 ἄλλοι
812 3289 931 3352 ἐλεοῦσι.
979 3287 1183 3350 Attractionis
1206 3310 1261 3352 nc·

163 3394 278 3477 3166166
308 3393 445 3477 exempla
477 3394 570 3457 allata
601 3402 675 3458 sunt
707 3417 724 3458 a
756 3394 932 3479 Kruegero,
968 3395 1082 3478 quibus
1106 3395 1260 3478 quaedam

163 3502 268 3565 addidi
291 3495 438 3585 (Gramm.
455 3505 471 3586 6
488 3505 539 3566 51.
559 3504 595 3567 Α.
614 3506 679 3587 44).
713 3504 794 3567 Add.
816 3526 907 3588 porro
923 3504 1004 3567 Xen.
1022 3503 1105 3567 Hell.
1123 3502 1149 3566 I.
1169 3506 1198 3567 6.
1217 3507 1257 3582 3.,

115 3638 118 3644 ’
162 3609 294 3695 Lyeurg.
311 3614 327 3695 6
346 3613 418 3688 167,
435 3610 515 3674 Ρ161.
533 3610 624 3696 prl.
642 3610 686 3675 II.
705 3615 780 3676 366.
798 3612 842 3690 Ε,
861 3613 949 3676 Dem.
967 3615 999 3676 4.
1018 3615 1048 3676 6.
1066 3615 1258 3678 6163158.

161 3719 232 3803 Lys.
260 3722 311 3785 14.
336 3723 396 3783 40:
421 3725 476 3786 τῶν
498 3704 583 3801 ὅρμοιο
607 3719 653 3793 οὓς
677 3722 822 3800 ὠμόσατε.
860 3722 975 3786 Contra
1002 3725 1041 3785 10
1067 3721 1124 3786 sub
1148 3721 1170 3784 f.
1195 3733 1258 3795 τοῖς

162 3829 247 3907 ὅρκοις
269 3824 308 3900 οἷς
332 3830 507 3906 ὀμωμόκατε
530 3837 561 3894 61
584 3833 636 3894 31.
663 3834 681 3893 2
705 3839 765 3903 τοῖς
790 3831 893 3910 ὅρκοις,
917 3828 956 3904 οἷς
980 3833 1081 3911 ὤμοσα
1104 3830 1253 3916 (Lobcek.

163 3937 201 4000 ad
219 3937 268 3999 Ai.
286 3959 316 4020 p.
335 3938 421 4019 2⁷3).
456 3937 581 4002 Nullam
606 3939 694 4003 video
719 3961 860 4016 causam,
886 3962 979 4024 quare
1002 3938 1109 4024 Lysias
1132 3949 1192 4014 τοῖς
1213 3941 1258 4023 ὅρ-

162 4070 235 4128 κοις,
256 4040 295 4117 οἷς
313 4045 461 4123 dedisset,
481 4070 544 4111 non
565 4071 636 4112 vero
661 4056 717 4114 τῶν
732 4047 816 4129 ὅρκων
832 4045 884 4124 ab,
899 4071 955 4112 nec
972 4071 1065 4132 quare
1081 4046 1126 4121 οὓς
1144 4053 1257 4117 ἐλεοῦσι

162 4157 265 4239 potius
289 4177 380 4238 quem
403 4151 452 4228 οἷς.
499 4156 559 4220 Sed
582 4160 598 4242 6
622 4161 640 4220 6
665 4160 817 4223 sententia
839 4159 957 4244 flagitat
980 4167 1017 4223 ut
1040 4166 1146 4224 contra
1165 4157 1256 4229 MSS.

163 4265 275 4328 omissa
305 4265 486 4329 attractione
514 4265 634 4350 legatur
657 4266 707 4342 ἦν,
733 4267 877 4349 quoniam
900 4268 1070 4332 membrum
1093 4267 1257 4331 relativum
