2850 5024
722 377 755 420 VI

197 593 354 677 legebant,
381 595 470 680 plane
495 603 595 661 autem
620 600 714 663 alium
739 623 773 664 ac
797 601 950 665 diversum
975 603 1012 666 ab
1036 626 1072 666 eo
1096 625 1186 686 quem
1211 601 1285 686 Tay-

195 731 280 796 lorus
311 742 342 797 et
373 735 574 800 Marklandus
606 739 788 804 tractabant.
833 741 891 804 Vel
922 742 965 805 sic
992 749 1094 806 tamen
1118 747 1285 827 supersunt

194 871 293 934 multa
323 872 361 935 ad
394 896 471 956 quae
503 876 681 960 refingenda
712 887 742 941 et
766 879 902 942 sananda
930 879 1098 943 multorum
1123 880 1215 942 ctiam
1239 880 1284 942 in·

194 1008 312 1073 dustria
345 1018 375 1073 et
410 1033 538 1076 acumen
573 1016 782 1099 requiruntur.
830 1015 940 1100 Itaque
975 1025 1150 1080 tentaturus
1182 1040 1282 1093 nuuc,

195 1147 306 1230 ecquid
330 1148 427 1214 bonae
450 1150 547 1236 frugis
571 1153 676 1217 afferre
694 1140 835 1238 possem,
853 1154 976 1238 Lysiam
996 1154 1081 1238 „legi
1097 1163 1129 1218 et
1146 1163 1179 1217 ut
1195 1155 1283 1238 potui

194 1285 385 1350 emendavi.”
424 1287 553 1352 Omissis
585 1291 665 1353 enim
698 1291 790 1368 locis,
822 1291 860 1354 dc
884 1292 997 1376 quibus
1020 1292 1098 1355 nihil
1121 1293 1194 1355 novi
1216 1314 1283 1376 pro-

194 1425 271 1489 ferre
305 1448 438 1510 possem,
464 1427 534 1491 dedi
567 1451 645 1512 quac
676 1431 741 1513 ipse
764 1452 844 1494 nova
867 1431 1051 1494 invenissem
1075 1439 1128 1495 aut
1152 1431 1189 1494 ab
1213 1430 1282 1494 aliis

195 1563 254 1626 iam
278 1565 402 1628 inventa
426 1568 512 1630 novis
536 1569 724 1652 argumentis
749 1570 868 1632 firmare
891 1591 1021 1653 possem.

240 1702 366 1766 Interim
396 1705 473 1768 mihi
503 1706 667 1770 subsistere
698 1730 760 1770 non
791 1709 889 1771 visum
922 1716 968 1771 est
998 1709 1029 1771 in
1054 1708 1284 1784 emendatione,

196 1840 248 1903 sed
279 1864 368 1926 saepe
398 1843 488 1921 locis,
520 1844 575 1928 qui
606 1845 791 1910 insanabiles
815 1855 932 1922 essent,
957 1846 1032 1930 quid
1055 1853 1143 1910 tenor
1167 1853 1285 1910 senten·

196 1981 307 2044 tiarum
339 1983 508 2066 postularet
539 1983 665 2048 definire
699 1996 827 2048 conatus
859 2008 944 2061 sum,
977 1994 1013 2048 ut
1045 1985 1164 2049 etiamsi
1194 1984 1286 2047 verba

195 2120 355 2184 restituere
386 2143 448 2185 uon
480 2121 620 2200 daretur,
653 2131 786 2188 mentem
817 2131 896 2188 certe
927 2124 1054 2187 oratoris
1078 2146 1115 2186 ex
1138 2123 1286 2186 tenuibus

196 2258 326 2322 subinde
361 2259 482 2322 indiciis
517 2260 710 2344 indagarem,
747 2260 878 2344 exempli
912 2283 1004 2323 causa
1038 2266 1160 2324 tantum
1196 2257 1287 2322 verba

195 2396 345 2480 quaedam
368 2419 557 2482 proponens,
582 2399 695 2483 quibus
719 2399 771 2462 ille
788 2399 835 2462 uti
851 2400 1013 2482 potuisset.
1043 2398 1165 2462 Etenim
1182 2419 1286 2481 quem·

198 2535 363 2599 admodum
396 2559 430 2599 ex
463 2537 624 2600 ruderibus
657 2537 694 2601 de
726 2536 855 2601 aedificii
887 2537 1003 2600 ambitu
1036 2543 1066 2600 et
1089 2536 1185 2600 forma
1209 2535 1287 2599 iudi·

195 2696 262 2738 care
286 2666 374 2752 licet,
399 2675 442 2738 sic
467 2698 503 2738 ex
527 2676 704 2760 fragmentis
728 2676 892 2752 orationis,
918 2675 981 2737 sive
1004 2674 1055 2737 ille
1082 2697 1186 2759 sparsa
1202 2672 1284 2757 apud

194 2815 308 2877 multos
340 2830 479 2879 auctores
511 2817 722 2893 inveniantur,
756 2817 818 2880 sive
850 2814 978 2878 collecta
1007 2814 1115 2899 plenae
1138 2813 1285 2877 orationis

193 2973 305 3016 nomen
337 2953 449 3017 iniuria
479 2977 551 3039 prae
580 2955 751 3030 scierant,
776 2953 814 3016 de
843 2953 939 3016 totius
963 2953 1110 3016 orationis
1134 2952 1230 3015 forma
1254 2960 1284 3015 et

195 3091 303 3154 habitu
326 3091 462 3155 iudicare
485 3092 599 3156 licebit.
646 3092 684 3155 ld
708 3099 810 3156 autem
834 3091 958 3167 studui,
984 3099 1104 3153 utnon
1129 3113 1164 3153 ex
1181 3090 1286 3173 paucis

195 3229 414 3312 integrioribus
444 3230 631 3294 orationibus
662 3229 715 3293 sed
748 3252 782 3293 ex
811 3251 904 3313 quam
928 3227 1068 3312 plurimis
1092 3227 1181 3312 plene
1204 3228 1287 3310 inge-

195 3371 282 3433 nium
313 3369 422 3454 Irysiae
452 3369 541 3452 quale
572 3369 680 3431 luisset
710 3368 786 3431 mihi
810 3367 1014 3429 informarem.
1063 3364 1183 3450 Operae
1206 3364 1287 3428 enim

195 3509 328 3595 pretium
353 3507 514 3571 videbatur
536 3507 719 3592 disquirere,
744 3506 818 3590 quid
843 3505 880 3569 de
903 3504 1032 3588 Lysiaoa
1055 3504 1245 3586 eloquentia,
1270 3525 1288 3565 a

196 3649 349 3734 plerisque
385 3648 512 3711 summis
547 3647 691 3711 laudibus
731 3645 883 3709 celebrata
924 3640 1162 3706 existimandum
1198 3647 1285 3703 esset.

195 3786 288 3867 Quod
318 3787 344 3849 si
376 3787 445 3869 quis
473 3785 592 3849 differre
617 3785 699 3847 volet
722 3784 818 3846 donec
842 3804 952 3867 purum
977 3779 1143 3842 habeamus
1168 3786 1289 3840 contex-

195 3933 278 4001 tum,
304 3924 437 4008 primum
463 3945 570 4007 parum
604 3928 648 3984 est
679 3920 758 3983 illud
790 3919 968 3994 definitum,
1001 3939 1092 4000 quem
1116 3912 1288 4000 „purum”

196 4062 258 4125 dici
274 4061 452 4135 conveniat,
470 4069 536 4123 tum
559 4058 684 4122 omnino
704 4055 892 4141 exspectabit
907 4055 1011 4131 „dum
1028 4053 1143 4117 defluat
1160 4050 1289 4115 amnis.'’

196 4199 310 4283 Itaque
345 4198 530 4282 Dionysium
565 4196 883 4270 Halicarnassensem,
920 4193 1007 4255 cuius
1042 4192 1073 4254 in
1106 4188 1289 4253 auctoritate
