2850 5024
800 337 840 398 16

276 533 461 616 susceperis,
486 531 525 596 ad
547 532 639 596 finem
661 534 750 597 tueri.
774 532 846 598 Non
870 556 947 619 opus
971 542 1019 599 est
1042 542 1072 599 et
1095 558 1133 599 ne
1156 535 1222 599 fieri
1238 534 1364 618 quidem

275 652 393 727 potest,
418 650 453 707 ut
477 642 625 706 candidus
649 651 679 706 et
702 644 831 730 simplex
854 645 968 730 ubique
993 648 1032 709 ait
1055 654 1156 709 orator
1171 646 1291 724 tenuis;
1309 645 1363 709 sed

275 754 333 817 hoc
357 754 547 839 postulatur,
573 763 609 818 ut
631 764 710 819 certe
728 757 858 840 speciem
875 757 961 821 illam
977 756 1116 821 candoris
1125 781 1203 840 prce
1217 757 1365 844 ecferat,-

274 867 318 930 ita
348 864 539 953 auditoribus
569 865 656 929 facile
687 866 843 951 imponere
874 876 983 953 potest.
1030 868 1069 932 Id
1100 870 1158 933 etsi
1181 868 1364 955 plerumque

274 977 381 1063 Lysias
401 979 489 1055 fecit,
511 983 613 1040 tamen
636 977 766 1042 subinde
784 979 818 1042 in
835 985 948 1042 conatu
967 979 1087 1057 deficit,
1106 987 1142 1043 ut
1159 978 1249 1043 dolus
1267 978 1365 1064 pellu-

274 1098 356 1168 oeat3
387 1088 517 1154 subinde
548 1089 640 1153 etiam
663 1090 767 1173 posuit
792 1097 986 1174 argumenta,
1012 1112 1090 1176 quae
1113 1090 1221 1154 melius
1252 1090 1365 1154 abfuis-

274 1209 360 1277 sent,
393 1202 537 1285 quoniam
566 1202 630 1264 eius
654 1223 750 1285 genus
774 1200 896 1266 dicendi
920 1201 1116 1266 deducebant.
1163 1201 1250 1266 Inter
1280 1202 1363 1286 inge-

274 1313 360 1377 nimn
389 1311 534 1390 oratoris,
567 1312 620 1395 qui
650 1311 799 1376 didicerat
828 1313 876 1377 τὸν
900 1311 976 1389 ἥττω
997 1311 1085 1390 λίνον
1111 1312 1228 1393 κρείττω
1253 1320 1362 1388 ποιεῖν,

274 1433 305 1488 et
335 1424 424 1488 facile
455 1432 613 1510 propterea
643 1423 680 1487 ad
714 1433 858 1488 contorta
881 1432 973 1509 atque
997 1432 1105 1509 arguta
1127 1425 1243 1488 invitus
1267 1445 1364 1508 paene

274 1535 487 1614 delabebatur,
508 1545 537 1600 et
552 1536 679 1599 formam
695 1536 840 1600 orationis
856 1559 918 1599 non
935 1544 999 1600 erat
1015 1536 1161 1600 naturalis
1178 1543 1345 1600 concentus
1351 1561 1362 1612 ;

274 1649 371 1711 oratio
384 1657 448 1711 erat
460 1649 562 1711 tenuis
581 1672 618 1712 an
638 1656 795 1729 attenuata
803 1675 811 1726 3
825 1649 890 1733 ipse
903 1648 1049 1733 simplicis
1068 1657 1097 1712 et
1113 1648 1211 1733 aperti
1226 1647 1361 1710 hominis

272 1782 429 1843 personam
461 1759 661 1844 suscipiebat,
692 1768 782 1843 atque
810 1783 843 1823 ea
872 1761 970 1844 specie
994 1760 1194 1843 extorquebat
1218 1767 1248 1822 et
1272 1758 1362 1842 quasi

273 1869 431 1933 furabatur
462 1892 627 1934 assensum.
675 1871 713 1934 In
748 1893 809 1955 quo
840 1871 997 1934 conamine
1027 1872 1053 1934 si
1076 1869 1205 1934 subinde
1230 1869 1362 1947 defecit,

274 1981 352 2044 nihil
375 2005 447 2046 sane
470 1983 590 2045 mirum.
631 1981 772 2046 Ceterum
795 1983 833 2045 cf.
850 1982 996 2067 Hermog.
1014 1982 1051 2046 de
1067 1982 1149 2046 Ideis
1165 1981 1208 2045 ΙΙ.
1227 2005 1256 2067 p.
1276 1983 1359 2044 361:

272 2099 323 2158 τοῦ
358 2090 381 2156 δ’
405 2088 443 2157 cd
476 2095 518 2171 μίν
549 2095 692 2164 δοκοῦντος
725 2093 828 2176 δεινοῦ,
861 2092 937 2165 ίντος
971 2091 994 2156 δ’
1017 2095 1053 2164 ὡς
1083 2094 1195 2167 danicis
1233 2092 1362 2156 τοιούτου

900 2206 922 2226 ’ζ’

275 2204 509 2284 ντοοροοδείγμκτοο
527 2243 571 2252 -
591 2205 631 2269 τοὶ
654 2210 703 2269 τοῦ
727 2205 835 2270 Λυσίου
858 2204 959 2284 ίοορρῶν
978 2201 1050 2267 είτον
1070 2228 1114 2275 τις
1133 2201 1169 2267 σίν
1188 2200 1231 2266 ὅτι
1246 2201 1359 2267 τοίντκ.

206 2397 209 2410 Ι
275 2313 315 2376 Et
335 2314 427 2399 paulo
446 2323 516 2399 post
534 2338 564 2400 p.
587 2317 668 2378 362:
692 2320 776 2379 τοῦτο
800 2312 823 2377 δ’
841 2311 880 2379 cul
902 2314 950 2377 κοιὶ
970 2323 1023 2389 τῆς
1041 2316 1078 2386 ὡς
1097 2313 1182 2385 dcccc
1201 2313 1360 2388 δεινότητός

192 2410 195 2416 ’
274 2427 336 2489 ἐστι
359 2424 392 2490 τὸ
415 2425 503 2490 δοκεῖν
526 2427 627 2508 οίΦελῆ
650 2450 717 2491 τννοο
740 2430 790 2491 aaz
813 2425 951 2490 οίσλοϊκὸν
974 2425 1155 2506 τκρὲχεσίκν
1178 2427 1284 2502 λόγον,
1308 2424 1359 2490 aa}

272 2536 359 2601 κύτίν
393 2560 453 2608 τος
490 2533 560 2602 είνου
595 2537 684 2601 δοκεῖν
714 2544 836 2602 τοιοῦτον
867 2539 926 2600 τοῖν
956 2537 1117 2601 τούνοοντίον
1145 2537 1214 2602 ίντκ
1244 2562 1278 2601 τε
1309 2537 1359 2601 κκί

273 2652 408 2712 τοιοῦντον
439 2647 519 2712 κοντοὶ
550 2647 598 2711 τὸν
628 2647 723 2724 λίνον.
771 2647 861 2710 Βίου.
886 2647 924 2710 de
947 2646 1034 2711 Dem.
1059 2671 1085 2711 c.
1111 2652 1148 2712 δε
1176 2648 1226 2713 acl
1248 2649 1282 2713 τὸ
1305 2650 1360 2727 μὲν

273 2758 435 2835 βνοίσονσίονν
466 2758 515 2823 aa>
547 2760 787 2839 τροςοονοονκοίσκν
818 2784 845 2824 το
876 2768 927 2834 τῆς
956 2760 1124 2824 Θουκυδίδου
1147 2759 1251 2836 λέξεως
1275 2760 1358 2826 ίδιον·

274 2872 306 2935 τὸ
337 2871 360 2935 δ’
383 2874 538 2944 οίντοοτῆσου
566 2870 615 2934 acl
648 2871 756 2948 κλέψοον
787 2870 827 2934 τοὶ
859 2870 1029 2950 τροίνμκτκ
1054 2879 1106 2944 τῆς
1130 2873 1248 2937 Λυσίου.
1287 2871 1357 2936 Vid.

275 2983 379 3046 ador.
407 2985 457 3045 19.

495 3208 543 3270 De
565 3209 742 3270 obscuritate
763 3210 796 3269 οόν
819 3228 927 3270 causae
950 3211 1140 3291 conpositione.

316 3426 422 3512 Longe
457 3427 567 3492 accidit
601 3449 688 3491 secus
718 3427 751 3491 in
782 3448 889 3490 causae
921 3426 1118 3510 expositione.
1166 3425 1211 3489 Ea
1241 3450 1360 3512 semper

272 3544 353 3608 clara
382 3552 413 3607 et
442 3541 602 3627 perspicua
635 3562 698 3603 esse
729 3527 835 3616 debet3
868 3539 953 3602 nulla
984 3539 1080 3602 oratio
1104 3547 1150 3602 est
1174 3539 1269 3618 bona,
1298 3541 1359 3603 nisi

271 3655 440 3732 indicetur,
465 3654 581 3735 inquo
611 3651 702 3715 cardo
731 3651 775 3715 rei
805 3658 958 3727 vertatur,
986 3650 1062 3734 quid
1085 3650 1358 3714 demonstrandum

272 3766 319 3829 sit.
367 3769 512 3830 Attamen
536 3764 618 3850 apud
641 3762 765 3849 Lysiam
787 3763 820 3825 in
843 3764 948 3827 multis
969 3763 1175 3842 orationibm‚
1201 3786 1278 3848 quae
1295 3763 1359 3827 sint

272 3878 371 3962 capita
394 3899 502 3940 causae
525 3868 725 3939 divinandum
748 3874 850 3958 potius
867 3872 973 3950 datur,
999 3896 1089 3957 quam
1107 3876 1279 3958 exponitur.
1306 3872 1358 3937 Ita

270 3989 305 4052 fit
328 3989 360 4052 in
383 3989 420 4052 iis
444 3986 650 4063 orationibus,
676 4009 753 4070 quae
777 3985 839 4064 περὶ
863 3985 1002 4063 δημοσίων
1019 3985 1122 4069 (vulgo
1138 3986 1200 4064 περὶ
1217 3987 1356 4062 δημοσίων

175 4131 177 4139 ’
269 4100 467 4183 οίδνκνκοίτον)
500 4099 663 4184 inscriptae
693 4120 710 4161 a
741 4106 840 4161 vetere
863 4098 1059 4180 grammatico
1083 4106 1155 4163 sunt
1180 4098 1355 4181 (ll—19),

270 4211 302 4273 in
327 4219 450 4295 quarta,
475 4217 598 4288 octava,
620 4230 717 4285 nona,
738 4208 880 4272 vicesima
899 4208 1003 4286 tertia,
1021 4209 1164 4272 vicesima
1179 4207 1309 4293 septima
1325 4215 1356 4270 et

271 4321 390 4386 duabus
420 4321 627 4406 sequentibus.
675 4319 784 4383 Fateor
815 4318 963 4402 quaedam
990 4319 1077 4382 nobis
1101 4342 1184 4384 nune
1207 4320 1353 4396 obscura,
