<?xml version="1.0" encoding="UTF-8"?>
<!DOCTYPE html PUBLIC "-//W3C//DTD XHTML 1.0 Transitional//EN"
    "http://www.w3.org/TR/xhtml1/DTD/xhtml1-transitional.dtd">
<html xmlns="http://www.w3.org/1999/xhtml" xml:lang="en" lang="en">
 <head>
  <title>
</title>
<meta http-equiv="Content-Type" content="text/html;charset=utf-8" />
  <meta name='ocr-system' content='tesseract 3.04.00' />
  <meta name='ocr-capabilities' content='ocr_page ocr_carea ocr_par ocr_line ocrx_word'/>
</head>
<body>
  <div class='ocr_page' id='page_1' title='image "./commentationesl00frangoog_0080.png"; bbox 0 0 2850 5024; ppageno 0'>
   <div class='ocr_carea' id='block_1_1' title="bbox 663 386 702 447">
    <p class='ocr_par' dir='ltr' id='par_1_1' title="bbox 663 386 702 447">
     <span class='ocr_line' id='line_1_1' title="bbox 663 386 702 447; baseline 0.103 -4"><span class='ocrx_word' id='word_1_1' title='bbox 663 386 702 447; x_wconf 82' lang='grc'>67</span> 
     </span>
    </p>
   </div>
   <div class='ocr_carea' id='block_1_2' title="bbox 95 583 1301 4350">
    <p class='ocr_par' dir='ltr' id='par_1_2' title="bbox 138 583 1301 2898">
     <span class='ocr_line' id='line_1_2' title="bbox 138 583 1301 677; baseline 0.001 -28"><span class='ocrx_word' id='word_1_2' title='bbox 138 584 226 663; x_wconf 79' lang='grc' dir='ltr'><em>νόριον</em></span> <span class='ocrx_word' id='word_1_3' title='bbox 246 585 389 667; x_wconf 75' lang='grc' dir='ltr'><em>διαρρήδην</em></span> <span class='ocrx_word' id='word_1_4' title='bbox 411 583 594 665; x_wconf 69' lang='grc' dir='ltr'>ἀγορεύοντος</span> <span class='ocrx_word' id='word_1_5' title='bbox 617 585 683 656; x_wconf 82' lang='grc' dir='ltr'><em>τοὺς</em></span> <span class='ocrx_word' id='word_1_6' title='bbox 707 586 735 648; x_wconf 84' lang='grc' dir='ltr'>ἐν</span> <span class='ocrx_word' id='word_1_7' title='bbox 758 587 798 663; x_wconf 77' lang='grc' dir='ltr'>τῷ</span> <span class='ocrx_word' id='word_1_8' title='bbox 820 584 949 664; x_wconf 79' lang='grc' dir='ltr'><em>συνεδρίῳ</em></span> <span class='ocrx_word' id='word_1_9' title='bbox 967 585 1159 665; x_wconf 69' lang='grc' dir='ltr'>λοιδοροῦντος</span> <span class='ocrx_word' id='word_1_10' title='bbox 1181 586 1227 666; x_wconf 66' lang='lat' dir='ltr'>Za·</span> <span class='ocrx_word' id='word_1_11' title='bbox 1297 672 1301 677; x_wconf 88' lang='lat'><em>.</em></span> 
     </span>
     <span class='ocr_line' id='line_1_3' title="bbox 139 696 1225 782; baseline -0.001 -20"><span class='ocrx_word' id='word_1_12' title='bbox 139 703 222 773; x_wconf 80' lang='grc' dir='ltr'><em>μνοῦν</em></span> <span class='ocrx_word' id='word_1_13' title='bbox 249 698 396 772; x_wconf 73' lang='grc' dir='ltr'>ἀκηκόατε</span> <span class='ocrx_word' id='word_1_14' title='bbox 427 704 545 781; x_wconf 80' lang='lat' dir='ltr'><strong>pugnat</strong></span> <span class='ocrx_word' id='word_1_15' title='bbox 568 718 637 760; x_wconf 92' lang='lat' dir='ltr'>cum</span> <span class='ocrx_word' id='word_1_16' title='bbox 664 696 821 759; x_wconf 85' lang='lat' dir='ltr'>Demosth.</span> <span class='ocrx_word' id='word_1_17' title='bbox 846 697 880 760; x_wconf 88' lang='lat' dir='ltr'>in</span> <span class='ocrx_word' id='word_1_18' title='bbox 903 697 1031 760; x_wconf 88' lang='lat' dir='ltr'>Midiam</span> <span class='ocrx_word' id='word_1_19' title='bbox 1053 698 1070 782; x_wconf 64' lang='lat' dir='ltr'>b</span> <span class='ocrx_word' id='word_1_20' title='bbox 1093 700 1151 761; x_wconf 84' lang='lat'>33:</span> <span class='ocrx_word' id='word_1_21' title='bbox 1176 698 1225 761; x_wconf 76' lang='grc' dir='ltr'>καί</span> 
     </span>
     <span class='ocr_line' id='line_1_4' title="bbox 139 807 1226 892; baseline 0.001 -20"><span class='ocrx_word' id='word_1_22' title='bbox 139 807 232 872; x_wconf 79' lang='grc' dir='ltr'><em>ποίλιν</em></span> <span class='ocrx_word' id='word_1_23' title='bbox 261 831 299 885; x_wconf 75' lang='grc' dir='ltr'>νε</span> <span class='ocrx_word' id='word_1_24' title='bbox 329 809 377 873; x_wconf 79' lang='grc' dir='ltr'>τὸν</span> <span class='ocrx_word' id='word_1_25' title='bbox 407 807 540 889; x_wconf 74' lang='grc' dir='ltr'><em>ἄρχοντα</em></span> <span class='ocrx_word' id='word_1_26' title='bbox 569 809 661 874; x_wconf 75' lang='grc' dir='ltr'>ταύτὸ</span> <span class='ocrx_word' id='word_1_27' title='bbox 692 814 794 883; x_wconf 79' lang='grc' dir='ltr'><em>τοῦτο,</em></span> <span class='ocrx_word' id='word_1_28' title='bbox 830 810 881 874; x_wconf 73' lang='grc' dir='ltr'>ἐὰν</span> <span class='ocrx_word' id='word_1_29' title='bbox 906 811 959 886; x_wconf 80' lang='grc' dir='ltr'>μὲν</span> <span class='ocrx_word' id='word_1_30' title='bbox 990 811 1226 892; x_wconf 70' lang='grc' dir='ltr'><em>ἐστεφανωμένον</em></span> 
     </span>
     <span class='ocr_line' id='line_1_5' title="bbox 139 917 1225 1003; baseline 0.001 -19"><span class='ocrx_word' id='word_1_31' title='bbox 139 917 278 1002; x_wconf 76' lang='grc' dir='ltr'><em>πανοίξρμ</em></span> <span class='ocrx_word' id='word_1_32' title='bbox 300 920 318 995; x_wconf 75' lang='grc' dir='ltr'>ἢ</span> <span class='ocrx_word' id='word_1_33' title='bbox 341 925 437 992; x_wconf 76' lang='grc' dir='ltr'><em>κακῶς</em></span> <span class='ocrx_word' id='word_1_34' title='bbox 460 919 558 1002; x_wconf 66' lang='lat' dir='ltr'>slago,</span> <span class='ocrx_word' id='word_1_35' title='bbox 582 918 727 1001; x_wconf 74' lang='grc' dir='ltr'><em>ἄτομος,</em></span> <span class='ocrx_word' id='word_1_36' title='bbox 752 941 814 984; x_wconf 90' lang='lat' dir='ltr'>non</span> <span class='ocrx_word' id='word_1_37' title='bbox 839 920 922 1003; x_wconf 92' lang='lat' dir='ltr'>quod</span> <span class='ocrx_word' id='word_1_38' title='bbox 941 921 1016 984; x_wconf 92' lang='lat' dir='ltr'>alter</span> <span class='ocrx_word' id='word_1_39' title='bbox 1038 923 1067 986; x_wconf 83' lang='grc' dir='ltr'>ἐν</span> <span class='ocrx_word' id='word_1_40' title='bbox 1087 923 1225 1002; x_wconf 80' lang='grc' dir='ltr'><em>συνεδρίῳ,</em></span> 
     </span>
     <span class='ocr_line' id='line_1_6' title="bbox 140 1029 1225 1116; baseline 0.001 -21"><span class='ocrx_word' id='word_1_41' title='bbox 140 1031 218 1095; x_wconf 90' lang='lat' dir='ltr'>alter</span> <span class='ocrx_word' id='word_1_42' title='bbox 253 1030 490 1114; x_wconf 71' lang='grc' dir='ltr'><em>ἐστεφανωμένον</em></span> <span class='ocrx_word' id='word_1_43' title='bbox 528 1029 610 1094; x_wconf 89' lang='lat' dir='ltr'>dicat</span> <span class='ocrx_word' id='word_1_44' title='bbox 649 1052 711 1093; x_wconf 90' lang='lat' dir='ltr'>non</span> <span class='ocrx_word' id='word_1_45' title='bbox 750 1030 840 1094; x_wconf 86' lang='lat' dir='ltr'>licere</span> <span class='ocrx_word' id='word_1_46' title='bbox 876 1031 973 1096; x_wconf 81' lang='lat' dir='ltr'>laedi&#39;</span> <span class='ocrx_word' id='word_1_47' title='bbox 992 1033 1204 1116; x_wconf 85' lang='lat' dir='ltr'>magistratum</span> <span class='ocrx_word' id='word_1_48' title='bbox 1216 1059 1225 1109; x_wconf 92' lang='lat'>;</span> 
     </span>
     <span class='ocr_line' id='line_1_7' title="bbox 140 1142 1227 1228; baseline 0.002 -21"><span class='ocrx_word' id='word_1_49' title='bbox 140 1151 307 1228; x_wconf 89' lang='lat' dir='ltr'>utrumque</span> <span class='ocrx_word' id='word_1_50' title='bbox 338 1143 418 1209; x_wconf 88' lang='lat' dir='ltr'>enim</span> <span class='ocrx_word' id='word_1_51' title='bbox 449 1142 640 1207; x_wconf 87' lang='lat' dir='ltr'>referendum</span> <span class='ocrx_word' id='word_1_52' title='bbox 672 1142 710 1205; x_wconf 90' lang='lat' dir='ltr'>ad</span> <span class='ocrx_word' id='word_1_53' title='bbox 740 1165 776 1206; x_wconf 88' lang='lat' dir='ltr'>ea</span> <span class='ocrx_word' id='word_1_54' title='bbox 804 1143 966 1227; x_wconf 88' lang='lat' dir='ltr'>opprobria</span> <span class='ocrx_word' id='word_1_55' title='bbox 992 1166 1070 1227; x_wconf 89' lang='lat' dir='ltr'>quae</span> <span class='ocrx_word' id='word_1_56' title='bbox 1093 1145 1172 1209; x_wconf 87' lang='lat' dir='ltr'>fiunt</span> <span class='ocrx_word' id='word_1_57' title='bbox 1194 1145 1227 1209; x_wconf 91' lang='lat' dir='ltr'>in</span> 
     </span>
     <span class='ocr_line' id='line_1_8' title="bbox 140 1253 1227 1338; baseline 0.001 -19"><span class='ocrx_word' id='word_1_58' title='bbox 140 1256 275 1319; x_wconf 88' lang='lat' dir='ltr'>muneris</span> <span class='ocrx_word' id='word_1_59' title='bbox 302 1254 460 1318; x_wconf 86' lang='lat' dir='ltr'>functione</span> <span class='ocrx_word' id='word_1_60' title='bbox 488 1254 616 1337; x_wconf 89' lang='lat' dir='ltr'>(inqua</span> <span class='ocrx_word' id='word_1_61' title='bbox 642 1253 892 1338; x_wconf 79' lang='lat' dir='ltr'>interpretatione</span> <span class='ocrx_word' id='word_1_62' title='bbox 915 1255 1013 1318; x_wconf 90' lang='lat' dir='ltr'>sciens</span> <span class='ocrx_word' id='word_1_63' title='bbox 1038 1256 1186 1321; x_wconf 89' lang='lat' dir='ltr'>dissentio</span> <span class='ocrx_word' id='word_1_64' title='bbox 1210 1280 1227 1320; x_wconf 89' lang='lat' dir='ltr'>a</span> 
     </span>
     <span class='ocr_line' id='line_1_9' title="bbox 139 1363 1225 1449; baseline 0.002 -19"><span class='ocrx_word' id='word_1_65' title='bbox 139 1366 238 1430; x_wconf 87' lang='lat' dir='ltr'>Bakio</span> <span class='ocrx_word' id='word_1_66' title='bbox 266 1373 297 1430; x_wconf 90' lang='lat' dir='ltr'>et</span> <span class='ocrx_word' id='word_1_67' title='bbox 323 1363 540 1448; x_wconf 86' lang='lat' dir='ltr'>Hoelschero),</span> <span class='ocrx_word' id='word_1_68' title='bbox 571 1363 624 1427; x_wconf 86' lang='lat' dir='ltr'>sed</span> <span class='ocrx_word' id='word_1_69' title='bbox 652 1372 776 1448; x_wconf 87' lang='lat' dir='ltr'>propter</span> <span class='ocrx_word' id='word_1_70' title='bbox 800 1386 914 1449; x_wconf 90' lang='lat' dir='ltr'>poenae</span> <span class='ocrx_word' id='word_1_71' title='bbox 938 1364 1109 1431; x_wconf 85' lang='lat' dir='ltr'>discrimen.</span> <span class='ocrx_word' id='word_1_72' title='bbox 1146 1368 1225 1432; x_wconf 91' lang='lat' dir='ltr'>Nam</span> 
     </span>
     <span class='ocr_line' id='line_1_10' title="bbox 139 1474 1227 1562; baseline 0.001 -21"><span class='ocrx_word' id='word_1_73' title='bbox 139 1478 166 1542; x_wconf 85' lang='lat' dir='ltr'>si</span> <span class='ocrx_word' id='word_1_74' title='bbox 188 1478 256 1562; x_wconf 87' lang='lat' dir='ltr'>lego</span> <span class='ocrx_word' id='word_1_75' title='bbox 278 1476 328 1541; x_wconf 91' lang='lat' dir='ltr'>usi</span> <span class='ocrx_word' id='word_1_76' title='bbox 347 1476 492 1552; x_wconf 80' lang='lat' dir='ltr'>fuissent,</span> <span class='ocrx_word' id='word_1_77' title='bbox 517 1498 595 1559; x_wconf 90' lang='lat' dir='ltr'>quae</span> <span class='ocrx_word' id='word_1_78' title='bbox 619 1483 666 1538; x_wconf 90' lang='lat' dir='ltr'>est</span> <span class='ocrx_word' id='word_1_79' title='bbox 689 1474 770 1559; x_wconf 91' lang='lat' dir='ltr'>apud</span> <span class='ocrx_word' id='word_1_80' title='bbox 794 1474 1050 1554; x_wconf 76' lang='lat' dir='ltr'>Demosthenem,</span> <span class='ocrx_word' id='word_1_81' title='bbox 1068 1477 1180 1540; x_wconf 87' lang='lat' dir='ltr'>archon</span> <span class='ocrx_word' id='word_1_82' title='bbox 1197 1487 1227 1542; x_wconf 91' lang='lat' dir='ltr'>et</span> 
     </span>
     <span class='ocr_line' id='line_1_11' title="bbox 141 1586 1227 1674; baseline 0 -21"><span class='ocrx_word' id='word_1_83' title='bbox 141 1589 269 1674; x_wconf 75' lang='lat' dir='ltr'>strategi</span> <span class='ocrx_word' id='word_1_84' title='bbox 300 1609 362 1651; x_wconf 88' lang='lat' dir='ltr'>non</span> <span class='ocrx_word' id='word_1_85' title='bbox 392 1587 539 1651; x_wconf 90' lang='lat' dir='ltr'>mulctam</span> <span class='ocrx_word' id='word_1_86' title='bbox 570 1586 803 1670; x_wconf 80' lang='lat' dir='ltr'>irrogavissent,</span> <span class='ocrx_word' id='word_1_87' title='bbox 835 1586 889 1650; x_wconf 87' lang='lat' dir='ltr'>sed</span> <span class='ocrx_word' id='word_1_88' title='bbox 911 1587 1035 1651; x_wconf 89' lang='lat' dir='ltr'>infamia</span> <span class='ocrx_word' id='word_1_89' title='bbox 1058 1589 1227 1654; x_wconf 90' lang='lat' dir='ltr'>notandum</span> 
     </span>
     <span class='ocr_line' id='line_1_12' title="bbox 139 1696 1227 1785; baseline 0 -21"><span class='ocrx_word' id='word_1_90' title='bbox 139 1700 327 1785; x_wconf 82' lang='lat' dir='ltr'>Polyaenum</span> <span class='ocrx_word' id='word_1_91' title='bbox 359 1705 526 1763; x_wconf 83' lang='lat' dir='ltr'>curassent.</span> <span class='ocrx_word' id='word_1_92' title='bbox 574 1698 668 1762; x_wconf 89' lang='lat' dir='ltr'>Porro</span> <span class='ocrx_word' id='word_1_93' title='bbox 699 1720 806 1783; x_wconf 91' lang='lat' dir='ltr'>parum</span> <span class='ocrx_word' id='word_1_94' title='bbox 840 1696 996 1783; x_wconf 85' lang='lat' dir='ltr'>probabile</span> <span class='ocrx_word' id='word_1_95' title='bbox 1028 1709 1073 1764; x_wconf 91' lang='lat' dir='ltr'>est</span> <span class='ocrx_word' id='word_1_96' title='bbox 1096 1702 1227 1783; x_wconf 76' lang='grc' dir='ltr'><em>ταμίας,</em></span> 
     </span>
     <span class='ocr_line' id='line_1_13' title="bbox 140 1808 1227 1895; baseline 0.002 -21"><span class='ocrx_word' id='word_1_97' title='bbox 140 1810 254 1895; x_wconf 87' lang='lat' dir='ltr'>quibus</span> <span class='ocrx_word' id='word_1_98' title='bbox 275 1809 433 1894; x_wconf 86' lang='lat' dir='ltr'>provincia</span> <span class='ocrx_word' id='word_1_99' title='bbox 455 1817 519 1873; x_wconf 86' lang='lat' dir='ltr'>erat</span> <span class='ocrx_word' id='word_1_100' title='bbox 542 1808 682 1893; x_wconf 87' lang='lat' dir='ltr'>exigendi</span> <span class='ocrx_word' id='word_1_101' title='bbox 706 1809 866 1892; x_wconf 84' lang='lat' dir='ltr'>pecuniam</span> <span class='ocrx_word' id='word_1_102' title='bbox 883 1810 997 1873; x_wconf 89' lang='lat' dir='ltr'>aerario</span> <span class='ocrx_word' id='word_1_103' title='bbox 1013 1810 1161 1888; x_wconf 90' lang='lat' dir='ltr'>debitam,</span> <span class='ocrx_word' id='word_1_104' title='bbox 1179 1814 1227 1876; x_wconf 89' lang='lat' dir='ltr'>ius</span> 
     </span>
     <span class='ocr_line' id='line_1_14' title="bbox 140 1893 1228 2010; baseline 0.002 -25"><span class='ocrx_word' id='word_1_105' title='bbox 140 1893 285 1986; x_wconf 89' lang='lat' dir='ltr'>habuisse</span> <span class='ocrx_word' id='word_1_106' title='bbox 309 1920 479 1985; x_wconf 83' lang='lat' dir='ltr'>arcessendi</span> <span class='ocrx_word' id='word_1_107' title='bbox 502 1927 667 2005; x_wconf 85' lang='lat' dir='ltr'>strategos,</span> <span class='ocrx_word' id='word_1_108' title='bbox 696 1929 732 1984; x_wconf 91' lang='lat' dir='ltr'>ut</span> <span class='ocrx_word' id='word_1_109' title='bbox 756 1920 788 1983; x_wconf 88' lang='lat' dir='ltr'>hi</span> <span class='ocrx_word' id='word_1_110' title='bbox 812 1944 902 1985; x_wconf 87' lang='lat' dir='ltr'>suum</span> <span class='ocrx_word' id='word_1_111' title='bbox 925 1920 1040 1985; x_wconf 87' lang='lat' dir='ltr'>factum</span> <span class='ocrx_word' id='word_1_112' title='bbox 1063 1924 1137 2007; x_wconf 85' lang='lat' dir='ltr'>ipsis</span> <span class='ocrx_word' id='word_1_113' title='bbox 1161 1947 1228 2010; x_wconf 90' lang='lat' dir='ltr'>pro·</span> 
     </span>
     <span class='ocr_line' id='line_1_15' title="bbox 139 2033 1228 2122; baseline 0.002 -24"><span class='ocrx_word' id='word_1_114' title='bbox 139 2035 266 2122; x_wconf 79' lang='lat' dir='ltr'>herent,</span> <span class='ocrx_word' id='word_1_115' title='bbox 291 2033 317 2097; x_wconf 90' lang='lat' dir='ltr'>si</span> <span class='ocrx_word' id='word_1_116' title='bbox 339 2033 452 2097; x_wconf 84' lang='lat' dir='ltr'>vellent</span> <span class='ocrx_word' id='word_1_117' title='bbox 475 2033 620 2097; x_wconf 88' lang='lat' dir='ltr'>mulctam</span> <span class='ocrx_word' id='word_1_118' title='bbox 644 2033 710 2096; x_wconf 91' lang='lat' dir='ltr'>iure</span> <span class='ocrx_word' id='word_1_119' title='bbox 733 2034 907 2118; x_wconf 88' lang='lat' dir='ltr'>impositam</span> <span class='ocrx_word' id='word_1_120' title='bbox 930 2035 1027 2119; x_wconf 90' lang='lat' dir='ltr'>exigi,</span> <span class='ocrx_word' id='word_1_121' title='bbox 1044 2035 1076 2098; x_wconf 89' lang='lat' dir='ltr'>in</span> <span class='ocrx_word' id='word_1_122' title='bbox 1093 2058 1152 2120; x_wconf 93' lang='lat' dir='ltr'>quo</span> <span class='ocrx_word' id='word_1_123' title='bbox 1168 2060 1228 2100; x_wconf 89' lang='lat' dir='ltr'>me·</span> 
     </span>
     <span class='ocr_line' id='line_1_16' title="bbox 139 2134 1227 2230; baseline 0.004 -23"><span class='ocrx_word' id='word_1_124' title='bbox 139 2144 200 2208; x_wconf 89' lang='lat' dir='ltr'>rito</span> <span class='ocrx_word' id='word_1_125' title='bbox 230 2144 358 2208; x_wconf 85' lang='lat' dir='ltr'>offendit</span> <span class='ocrx_word' id='word_1_126' title='bbox 387 2143 503 2208; x_wconf 84' lang='lat' dir='ltr'>Bakius</span> <span class='ocrx_word' id='word_1_127' title='bbox 534 2167 564 2229; x_wconf 87' lang='lat' dir='ltr'>p.</span> <span class='ocrx_word' id='word_1_128' title='bbox 597 2146 660 2207; x_wconf 77' lang='lat'>245</span> <span class='ocrx_word' id='word_1_129' title='bbox 693 2134 758 2228; x_wconf 80' lang='lat' dir='ltr'>sqq.</span> <span class='ocrx_word' id='word_1_130' title='bbox 805 2144 915 2229; x_wconf 88' lang='lat' dir='ltr'>Itaque</span> <span class='ocrx_word' id='word_1_131' title='bbox 945 2168 983 2209; x_wconf 89' lang='lat' dir='ltr'>ne</span> <span class='ocrx_word' id='word_1_132' title='bbox 1006 2145 1095 2230; x_wconf 86' lang='lat' dir='ltr'>plura</span> <span class='ocrx_word' id='word_1_133' title='bbox 1119 2147 1227 2211; x_wconf 83' lang='lat' dir='ltr'>addam</span> 
     </span>
     <span class='ocr_line' id='line_1_17' title="bbox 139 2256 1229 2342; baseline 0.005 -22"><span class='ocrx_word' id='word_1_134' title='bbox 139 2257 191 2340; x_wconf 82' lang='lat' dir='ltr'>(de</span> <span class='ocrx_word' id='word_1_135' title='bbox 221 2258 238 2342; x_wconf 67' lang='lat' dir='ltr'>b</span> <span class='ocrx_word' id='word_1_136' title='bbox 270 2259 322 2322; x_wconf 82' lang='lat'>17·</span> <span class='ocrx_word' id='word_1_137' title='bbox 343 2256 405 2320; x_wconf 85' lang='lat' dir='ltr'>vid.</span> <span class='ocrx_word' id='word_1_138' title='bbox 437 2256 526 2339; x_wconf 82' lang='lat' dir='ltr'>infra)</span> <span class='ocrx_word' id='word_1_139' title='bbox 558 2263 664 2320; x_wconf 83' lang='lat' dir='ltr'>contra</span> <span class='ocrx_word' id='word_1_140' title='bbox 686 2257 768 2341; x_wconf 89' lang='lat' dir='ltr'>leges</span> <span class='ocrx_word' id='word_1_141' title='bbox 792 2257 945 2341; x_wconf 88' lang='lat' dir='ltr'>irrogatur</span> <span class='ocrx_word' id='word_1_142' title='bbox 968 2258 1083 2323; x_wconf 91' lang='lat' dir='ltr'>mulcta</span> <span class='ocrx_word' id='word_1_143' title='bbox 1090 2287 1099 2338; x_wconf 81' lang='lat'><em>3</em></span> <span class='ocrx_word' id='word_1_144' title='bbox 1124 2268 1229 2325; x_wconf 88' lang='lat' dir='ltr'>contra</span> 
     </span>
     <span class='ocr_line' id='line_1_18' title="bbox 138 2367 1228 2456; baseline 0.002 -23"><span class='ocrx_word' id='word_1_145' title='bbox 138 2370 222 2456; x_wconf 86' lang='lat' dir='ltr'>leges</span> <span class='ocrx_word' id='word_1_146' title='bbox 252 2369 378 2433; x_wconf 80' lang='lat' dir='ltr'>inferior</span> <span class='ocrx_word' id='word_1_147' title='bbox 408 2368 603 2451; x_wconf 87' lang='lat' dir='ltr'>magistratus</span> <span class='ocrx_word' id='word_1_148' title='bbox 633 2367 778 2431; x_wconf 84' lang='lat' dir='ltr'>maiorem</span> <span class='ocrx_word' id='word_1_149' title='bbox 809 2390 931 2432; x_wconf 88' lang='lat' dir='ltr'>causam</span> <span class='ocrx_word' id='word_1_150' title='bbox 963 2370 1042 2454; x_wconf 91' lang='lat' dir='ltr'>apud</span> <span class='ocrx_word' id='word_1_151' title='bbox 1074 2393 1104 2434; x_wconf 91' lang='lat' dir='ltr'>se</span> <span class='ocrx_word' id='word_1_152' title='bbox 1128 2371 1228 2435; x_wconf 86' lang='lat' dir='ltr'>dicere</span> 
     </span>
     <span class='ocr_line' id='line_1_19' title="bbox 138 2478 1227 2566; baseline 0.002 -22"><span class='ocrx_word' id='word_1_153' title='bbox 138 2481 223 2564; x_wconf 89' lang='lat' dir='ltr'>cogit</span> <span class='ocrx_word' id='word_1_154' title='bbox 229 2506 239 2558; x_wconf 89' lang='lat'>;</span> <span class='ocrx_word' id='word_1_155' title='bbox 265 2481 333 2564; x_wconf 88' lang='lat' dir='ltr'>quis</span> <span class='ocrx_word' id='word_1_156' title='bbox 357 2479 507 2565; x_wconf 89' lang='lat' dir='ltr'>spondere</span> <span class='ocrx_word' id='word_1_157' title='bbox 531 2479 642 2543; x_wconf 89' lang='lat' dir='ltr'>audeat</span> <span class='ocrx_word' id='word_1_158' title='bbox 664 2501 727 2542; x_wconf 90' lang='lat' dir='ltr'>non</span> <span class='ocrx_word' id='word_1_159' title='bbox 750 2478 889 2542; x_wconf 87' lang='lat' dir='ltr'>similiter</span> <span class='ocrx_word' id='word_1_160' title='bbox 913 2490 1020 2544; x_wconf 90' lang='lat' dir='ltr'>contra</span> <span class='ocrx_word' id='word_1_161' title='bbox 1042 2482 1138 2566; x_wconf 88' lang='lat' dir='ltr'>legem</span> <span class='ocrx_word' id='word_1_162' title='bbox 1160 2505 1227 2546; x_wconf 86' lang='lat' dir='ltr'>auo·</span> 
     </span>
     <span class='ocr_line' id='line_1_20' title="bbox 138 2586 1225 2676; baseline 0 -20"><span class='ocrx_word' id='word_1_163' title='bbox 138 2601 236 2656; x_wconf 88' lang='lat' dir='ltr'>torem</span> <span class='ocrx_word' id='word_1_164' title='bbox 260 2590 440 2668; x_wconf 81' lang='lat' dir='ltr'>credidisse,</span> <span class='ocrx_word' id='word_1_165' title='bbox 465 2613 528 2654; x_wconf 92' lang='lat' dir='ltr'>non</span> <span class='ocrx_word' id='word_1_166' title='bbox 552 2589 632 2652; x_wconf 90' lang='lat' dir='ltr'>solos</span> <span class='ocrx_word' id='word_1_167' title='bbox 660 2598 828 2673; x_wconf 86' lang='lat' dir='ltr'>strategos,</span> <span class='ocrx_word' id='word_1_168' title='bbox 854 2590 907 2654; x_wconf 91' lang='lat' dir='ltr'>sed</span> <span class='ocrx_word' id='word_1_169' title='bbox 924 2586 1071 2675; x_wconf 77' lang='lat' dir='ltr'>strategos</span> <span class='ocrx_word' id='word_1_170' title='bbox 1088 2593 1225 2676; x_wconf 85' lang='lat' dir='ltr'>praeside</span> 
     </span>
     <span class='ocr_line' id='line_1_21' title="bbox 138 2702 1226 2786; baseline -0.001 -18"><span class='ocrx_word' id='word_1_171' title='bbox 138 2712 195 2769; x_wconf 90' lang='lat' dir='ltr'>aut</span> <span class='ocrx_word' id='word_1_172' title='bbox 224 2703 262 2767; x_wconf 88' lang='lat' dir='ltr'>ad</span> <span class='ocrx_word' id='word_1_173' title='bbox 291 2725 342 2767; x_wconf 92' lang='lat' dir='ltr'>eos</span> <span class='ocrx_word' id='word_1_174' title='bbox 372 2702 520 2767; x_wconf 87' lang='lat' dir='ltr'>referente</span> <span class='ocrx_word' id='word_1_175' title='bbox 552 2703 696 2765; x_wconf 89' lang='lat' dir='ltr'>archonte</span> <span class='ocrx_word' id='word_1_176' title='bbox 720 2724 849 2786; x_wconf 90' lang='lat' dir='ltr'>poenam</span> <span class='ocrx_word' id='word_1_177' title='bbox 873 2703 1035 2780; x_wconf 78' lang='lat' dir='ltr'>inflixisse3</span> <span class='ocrx_word' id='word_1_178' title='bbox 1060 2712 1125 2768; x_wconf 91' lang='lat' dir='ltr'>tota</span> <span class='ocrx_word' id='word_1_179' title='bbox 1148 2705 1226 2768; x_wconf 90' lang='lat' dir='ltr'>ratio</span> 
     </span>
     <span class='ocr_line' id='line_1_22' title="bbox 138 2812 817 2898; baseline -0.004 -19"><span class='ocrx_word' id='word_1_180' title='bbox 138 2815 246 2879; x_wconf 91' lang='lat' dir='ltr'>iudicii</span> <span class='ocrx_word' id='word_1_181' title='bbox 270 2838 288 2878; x_wconf 92' lang='lat' dir='ltr'>a</span> <span class='ocrx_word' id='word_1_182' title='bbox 310 2813 446 2898; x_wconf 89' lang='lat' dir='ltr'>legitima</span> <span class='ocrx_word' id='word_1_183' title='bbox 471 2812 661 2896; x_wconf 88' lang='lat' dir='ltr'>aliquantum</span> <span class='ocrx_word' id='word_1_184' title='bbox 687 2812 817 2876; x_wconf 69' lang='lat' dir='ltr'>differt.v</span> 
     </span>
    </p>

    <p class='ocr_par' dir='ltr' id='par_1_3' title="bbox 95 2924 1228 4350">
     <span class='ocr_line' id='line_1_23' title="bbox 184 2924 1226 3009; baseline -0.001 -19"><span class='ocrx_word' id='word_1_185' title='bbox 184 2924 332 2990; x_wconf 89' lang='lat' dir='ltr'>Nondum</span> <span class='ocrx_word' id='word_1_186' title='bbox 356 2925 451 3009; x_wconf 86' lang='lat' dir='ltr'>igitur</span> <span class='ocrx_word' id='word_1_187' title='bbox 474 2925 564 2988; x_wconf 86' lang='lat' dir='ltr'>mitto</span> <span class='ocrx_word' id='word_1_188' title='bbox 587 2934 801 3009; x_wconf 88' lang='lat' dir='ltr'>argumentum</span> <span class='ocrx_word' id='word_1_189' title='bbox 828 2924 910 3008; x_wconf 91' lang='lat' dir='ltr'>quod</span> <span class='ocrx_word' id='word_1_190' title='bbox 927 2933 1032 2989; x_wconf 86' lang='lat' dir='ltr'>contra</span> <span class='ocrx_word' id='word_1_191' title='bbox 1048 2925 1226 3001; x_wconf 78' lang='grc' dir='ltr'><em>νννσνόσντα</em></span> 
     </span>
     <span class='ocr_line' id='line_1_24' title="bbox 95 3034 1228 3127; baseline -0.002 -24"><span class='ocrx_word' id='word_1_192' title='bbox 95 3119 99 3127; x_wconf 23' lang='grc' dir='ltr'>ι</span> <span class='ocrx_word' id='word_1_193' title='bbox 138 3037 285 3103; x_wconf 89' lang='lat' dir='ltr'>orationis</span> <span class='ocrx_word' id='word_1_194' title='bbox 309 3059 345 3100; x_wconf 84' lang='lat' dir='ltr'>ex</span> <span class='ocrx_word' id='word_1_195' title='bbox 369 3036 523 3099; x_wconf 88' lang='lat' dir='ltr'>archontis</span> <span class='ocrx_word' id='word_1_196' title='bbox 547 3034 687 3100; x_wconf 82' lang='lat' dir='ltr'>Ctesiclis</span> <span class='ocrx_word' id='word_1_197' title='bbox 711 3037 864 3100; x_wconf 89' lang='lat' dir='ltr'>mentione</span> <span class='ocrx_word' id='word_1_198' title='bbox 882 3037 1014 3120; x_wconf 89' lang='lat' dir='ltr'>petitur,</span> <span class='ocrx_word' id='word_1_199' title='bbox 1032 3059 1128 3121; x_wconf 90' lang='lat' dir='ltr'>quum</span> <span class='ocrx_word' id='word_1_200' title='bbox 1144 3061 1228 3122; x_wconf 87' lang='lat' dir='ltr'>prae·</span> 
     </span>
     <span class='ocr_line' id='line_1_25' title="bbox 138 3147 1224 3235; baseline 0 -22"><span class='ocrx_word' id='word_1_201' title='bbox 138 3151 243 3213; x_wconf 90' lang='lat' dir='ltr'>sertim</span> <span class='ocrx_word' id='word_1_202' title='bbox 267 3147 407 3211; x_wconf 78' lang='lat' dir='ltr'>Ctesiolis</span> <span class='ocrx_word' id='word_1_203' title='bbox 432 3169 511 3210; x_wconf 90' lang='lat' dir='ltr'>anno</span> <span class='ocrx_word' id='word_1_204' title='bbox 524 3147 762 3231; x_wconf 88' lang='lat' dir='ltr'>expeditionem,</span> <span class='ocrx_word' id='word_1_205' title='bbox 779 3148 817 3211; x_wconf 87' lang='lat' dir='ltr'>de</span> <span class='ocrx_word' id='word_1_206' title='bbox 833 3170 894 3231; x_wconf 89' lang='lat' dir='ltr'>qua</span> <span class='ocrx_word' id='word_1_207' title='bbox 910 3149 1023 3232; x_wconf 88' lang='lat' dir='ltr'>legitur</span> <span class='ocrx_word' id='word_1_208' title='bbox 1039 3149 1121 3235; x_wconf 90' lang='lat' dir='ltr'>apud</span> <span class='ocrx_word' id='word_1_209' title='bbox 1136 3150 1224 3213; x_wconf 86' lang='lat' dir='ltr'>Dem.</span> 
     </span>
     <span class='ocr_line' id='line_1_26' title="bbox 140 3257 1225 3336; baseline 0 -13"><span class='ocrx_word' id='word_1_210' title='bbox 140 3262 193 3325; x_wconf 82' lang='lat'>17.</span> <span class='ocrx_word' id='word_1_211' title='bbox 215 3263 274 3336; x_wconf 79' lang='lat'>20,</span> <span class='ocrx_word' id='word_1_212' title='bbox 292 3260 330 3322; x_wconf 88' lang='lat' dir='ltr'>ab</span> <span class='ocrx_word' id='word_1_213' title='bbox 347 3257 587 3321; x_wconf 84' lang='lat' dir='ltr'>Atheniensibus</span> <span class='ocrx_word' id='word_1_214' title='bbox 604 3258 802 3323; x_wconf 69' lang='lat' dir='ltr'>constitutam</span> <span class='ocrx_word' id='word_1_215' title='bbox 816 3282 871 3323; x_wconf 89' lang='lat' dir='ltr'>nec</span> <span class='ocrx_word' id='word_1_216' title='bbox 890 3269 991 3323; x_wconf 88' lang='lat' dir='ltr'>tamen</span> <span class='ocrx_word' id='word_1_217' title='bbox 1011 3261 1146 3324; x_wconf 89' lang='lat' dir='ltr'>effectam</span> <span class='ocrx_word' id='word_1_218' title='bbox 1161 3283 1225 3323; x_wconf 91' lang='lat' dir='ltr'>esse</span> 
     </span>
     <span class='ocr_line' id='line_1_27' title="bbox 138 3368 1225 3456; baseline 0 -21"><span class='ocrx_word' id='word_1_219' title='bbox 138 3370 338 3456; x_wconf 81' lang='lat' dir='ltr'>probabiliter</span> <span class='ocrx_word' id='word_1_220' title='bbox 356 3368 498 3433; x_wconf 91' lang='lat' dir='ltr'>ostendat</span> <span class='ocrx_word' id='word_1_221' title='bbox 518 3368 676 3446; x_wconf 85' lang='lat' dir='ltr'>Schaefer,</span> <span class='ocrx_word' id='word_1_222' title='bbox 695 3371 915 3434; x_wconf 90' lang='lat' dir='ltr'>Demosthenes</span> <span class='ocrx_word' id='word_1_223' title='bbox 931 3394 961 3434; x_wconf 87' lang='lat' dir='ltr'>u.</span> <span class='ocrx_word' id='word_1_224' title='bbox 976 3372 1058 3434; x_wconf 88' lang='lat' dir='ltr'>seine</span> <span class='ocrx_word' id='word_1_225' title='bbox 1071 3372 1150 3449; x_wconf 86' lang='lat' dir='ltr'>Zeit,</span> <span class='ocrx_word' id='word_1_226' title='bbox 1163 3371 1225 3435; x_wconf 89' lang='lat' dir='ltr'>Ill.</span> 
     </span>
     <span class='ocr_line' id='line_1_28' title="bbox 138 3481 1226 3568; baseline 0 -22"><span class='ocrx_word' id='word_1_227' title='bbox 138 3506 177 3568; x_wconf 89' lang='lat' dir='ltr'>p..</span> <span class='ocrx_word' id='word_1_228' title='bbox 198 3485 270 3562; x_wconf 78' lang='lat' dir='ltr'>lea,</span> <span class='ocrx_word' id='word_1_229' title='bbox 287 3481 544 3565; x_wconf 88' lang='lat' dir='ltr'>quemadmodum</span> <span class='ocrx_word' id='word_1_230' title='bbox 556 3503 594 3544; x_wconf 90' lang='lat' dir='ltr'>ne</span> <span class='ocrx_word' id='word_1_231' title='bbox 606 3482 778 3565; x_wconf 84' lang='lat' dir='ltr'>Polyaenus</span> <span class='ocrx_word' id='word_1_232' title='bbox 792 3481 914 3565; x_wconf 88' lang='lat' dir='ltr'>quidem</span> <span class='ocrx_word' id='word_1_233' title='bbox 927 3482 1075 3546; x_wconf 85' lang='lat' dir='ltr'>innostra</span> <span class='ocrx_word' id='word_1_234' title='bbox 1091 3483 1226 3546; x_wconf 86' lang='lat' dir='ltr'>oratione</span> 
     </span>
     <span class='ocr_line' id='line_1_29' title="bbox 138 3591 1227 3678; baseline 0.001 -21"><span class='ocrx_word' id='word_1_235' title='bbox 138 3602 209 3678; x_wconf 90' lang='lat' dir='ltr'>post</span> <span class='ocrx_word' id='word_1_236' title='bbox 228 3593 380 3657; x_wconf 87' lang='lat' dir='ltr'>delectum</span> <span class='ocrx_word' id='word_1_237' title='bbox 397 3592 543 3656; x_wconf 88' lang='lat' dir='ltr'>militasse</span> <span class='ocrx_word' id='word_1_238' title='bbox 560 3591 682 3656; x_wconf 87' lang='lat' dir='ltr'>dicitur.</span> <span class='ocrx_word' id='word_1_239' title='bbox 708 3592 740 3655; x_wconf 85' lang='lat' dir='ltr'>Si</span> <span class='ocrx_word' id='word_1_240' title='bbox 756 3614 846 3676; x_wconf 90' lang='lat' dir='ltr'>porro</span> <span class='ocrx_word' id='word_1_241' title='bbox 864 3601 1000 3669; x_wconf 88' lang='lat' dir='ltr'>constat,</span> <span class='ocrx_word' id='word_1_242' title='bbox 1017 3594 1048 3656; x_wconf 90' lang='lat' dir='ltr'>in</span> <span class='ocrx_word' id='word_1_243' title='bbox 1066 3595 1123 3656; x_wconf 90' lang='lat' dir='ltr'>hac</span> <span class='ocrx_word' id='word_1_244' title='bbox 1136 3596 1227 3658; x_wconf 88' lang='lat' dir='ltr'>orati-</span> 
     </span>
     <span class='ocr_line' id='line_1_30' title="bbox 139 3704 1228 3788; baseline 0.002 -21"><span class='ocrx_word' id='word_1_245' title='bbox 139 3724 198 3767; x_wconf 89' lang='lat' dir='ltr'>one</span> <span class='ocrx_word' id='word_1_246' title='bbox 214 3704 364 3787; x_wconf 87' lang='lat' dir='ltr'>quaedam</span> <span class='ocrx_word' id='word_1_247' title='bbox 379 3705 494 3781; x_wconf 91' lang='lat' dir='ltr'>inesse,</span> <span class='ocrx_word' id='word_1_248' title='bbox 512 3727 589 3788; x_wconf 89' lang='lat' dir='ltr'>quae</span> <span class='ocrx_word' id='word_1_249' title='bbox 606 3704 718 3767; x_wconf 85' lang='lat' dir='ltr'>Atticis</span> <span class='ocrx_word' id='word_1_250' title='bbox 734 3705 875 3788; x_wconf 85' lang='lat' dir='ltr'>genuinis</span> <span class='ocrx_word' id='word_1_251' title='bbox 893 3713 946 3767; x_wconf 89' lang='lat' dir='ltr'>aut</span> <span class='ocrx_word' id='word_1_252' title='bbox 958 3706 1106 3768; x_wconf 90' lang='lat' dir='ltr'>inusitata</span> <span class='ocrx_word' id='word_1_253' title='bbox 1118 3714 1172 3769; x_wconf 89' lang='lat' dir='ltr'>aut</span> <span class='ocrx_word' id='word_1_254' title='bbox 1183 3708 1228 3770; x_wconf 87' lang='lat' dir='ltr'>irr-</span> 
     </span>
     <span class='ocr_line' id='line_1_31' title="bbox 139 3814 1225 3902; baseline 0.005 -24"><span class='ocrx_word' id='word_1_255' title='bbox 139 3814 231 3878; x_wconf 88' lang='lat' dir='ltr'>solita</span> <span class='ocrx_word' id='word_1_256' title='bbox 258 3815 335 3893; x_wconf 89' lang='lat' dir='ltr'>sint,</span> <span class='ocrx_word' id='word_1_257' title='bbox 368 3815 394 3879; x_wconf 94' lang='lat' dir='ltr'>si</span> <span class='ocrx_word' id='word_1_258' title='bbox 425 3838 518 3880; x_wconf 88' lang='lat' dir='ltr'>nemo</span> <span class='ocrx_word' id='word_1_259' title='bbox 547 3815 686 3893; x_wconf 88' lang='lat' dir='ltr'>dubitat,</span> <span class='ocrx_word' id='word_1_260' title='bbox 712 3817 787 3899; x_wconf 91' lang='lat' dir='ltr'>quin</span> <span class='ocrx_word' id='word_1_261' title='bbox 810 3816 843 3879; x_wconf 92' lang='lat' dir='ltr'>in</span> <span class='ocrx_word' id='word_1_262' title='bbox 869 3816 1005 3900; x_wconf 88' lang='lat' dir='ltr'>syllogen</span> <span class='ocrx_word' id='word_1_263' title='bbox 1029 3817 1225 3902; x_wconf 87' lang='lat' dir='ltr'>Lysiacarum</span> 
     </span>
     <span class='ocr_line' id='line_1_32' title="bbox 138 3926 1227 4002; baseline 0.006 -14"><span class='ocrx_word' id='word_1_264' title='bbox 138 3926 312 3990; x_wconf 87' lang='lat' dir='ltr'>orationum</span> <span class='ocrx_word' id='word_1_265' title='bbox 335 3927 427 3990; x_wconf 91' lang='lat' dir='ltr'>etiam</span> <span class='ocrx_word' id='word_1_266' title='bbox 451 3927 567 3990; x_wconf 90' lang='lat' dir='ltr'>alienae</span> <span class='ocrx_word' id='word_1_267' title='bbox 591 3926 694 3990; x_wconf 90' lang='lat' dir='ltr'>illatae</span> <span class='ocrx_word' id='word_1_268' title='bbox 717 3926 847 4002; x_wconf 84' lang='lat' dir='ltr'>fuerint,</span> <span class='ocrx_word' id='word_1_269' title='bbox 872 3928 949 3991; x_wconf 88' lang='lat' dir='ltr'>nihil</span> <span class='ocrx_word' id='word_1_270' title='bbox 974 3936 1086 3993; x_wconf 89' lang='lat' dir='ltr'>temere</span> <span class='ocrx_word' id='word_1_271' title='bbox 1107 3931 1137 3992; x_wconf 92' lang='lat' dir='ltr'>in</span> <span class='ocrx_word' id='word_1_272' title='bbox 1164 3954 1227 3994; x_wconf 91' lang='lat' dir='ltr'>ver-</span> 
     </span>
     <span class='ocr_line' id='line_1_33' title="bbox 137 4035 1222 4123; baseline 0.006 -23"><span class='ocrx_word' id='word_1_273' title='bbox 137 4035 185 4100; x_wconf 87' lang='lat' dir='ltr'>bis</span> <span class='ocrx_word' id='word_1_274' title='bbox 209 4037 391 4100; x_wconf 87' lang='lat' dir='ltr'>mutandum</span> <span class='ocrx_word' id='word_1_275' title='bbox 414 4045 505 4122; x_wconf 93' lang='lat' dir='ltr'>puto,</span> <span class='ocrx_word' id='word_1_276' title='bbox 534 4044 569 4102; x_wconf 91' lang='lat' dir='ltr'>ut</span> <span class='ocrx_word' id='word_1_277' title='bbox 593 4039 690 4121; x_wconf 91' lang='lat' dir='ltr'>possit</span> <span class='ocrx_word' id='word_1_278' title='bbox 714 4037 788 4101; x_wconf 89' lang='lat' dir='ltr'>haec</span> <span class='ocrx_word' id='word_1_279' title='bbox 812 4039 909 4102; x_wconf 90' lang='lat' dir='ltr'>oratio</span> <span class='ocrx_word' id='word_1_280' title='bbox 932 4038 1042 4123; x_wconf 87' lang='lat' dir='ltr'>Lysiae</span> <span class='ocrx_word' id='word_1_281' title='bbox 1068 4041 1222 4106; x_wconf 85' lang='lat' dir='ltr'>vindicari.</span> 
     </span>
     <span class='ocr_line' id='line_1_34' title="bbox 139 4145 1226 4232; baseline 0.006 -22"><span class='ocrx_word' id='word_1_282' title='bbox 139 4145 274 4211; x_wconf 88' lang='lat' dir='ltr'>Omnino</span> <span class='ocrx_word' id='word_1_283' title='bbox 305 4170 368 4211; x_wconf 88' lang='lat' dir='ltr'>nou</span> <span class='ocrx_word' id='word_1_284' title='bbox 399 4147 535 4211; x_wconf 89' lang='lat' dir='ltr'>dubitari</span> <span class='ocrx_word' id='word_1_285' title='bbox 566 4155 685 4232; x_wconf 89' lang='lat' dir='ltr'>potest,</span> <span class='ocrx_word' id='word_1_286' title='bbox 714 4148 787 4231; x_wconf 88' lang='lat' dir='ltr'>quin</span> <span class='ocrx_word' id='word_1_287' title='bbox 811 4148 953 4212; x_wconf 87' lang='lat' dir='ltr'>collectio</span> <span class='ocrx_word' id='word_1_288' title='bbox 978 4152 1150 4215; x_wconf 88' lang='lat' dir='ltr'>orationum</span> <span class='ocrx_word' id='word_1_289' title='bbox 1175 4153 1226 4218; x_wconf 92' lang='lat' dir='ltr'>ali·</span> 
     </span>
     <span class='ocr_line' id='line_1_35' title="bbox 139 4261 1225 4350; baseline 0.006 -28"><span class='ocrx_word' id='word_1_290' title='bbox 139 4267 254 4343; x_wconf 87' lang='lat' dir='ltr'>quanto</span> <span class='ocrx_word' id='word_1_291' title='bbox 278 4269 346 4344; x_wconf 90' lang='lat' dir='ltr'>post</span> <span class='ocrx_word' id='word_1_292' title='bbox 369 4261 497 4324; x_wconf 87' lang='lat' dir='ltr'>oratoris</span> <span class='ocrx_word' id='word_1_293' title='bbox 522 4268 648 4323; x_wconf 87' lang='lat' dir='ltr'>mortem</span> <span class='ocrx_word' id='word_1_294' title='bbox 675 4262 715 4324; x_wconf 88' lang='lat' dir='ltr'>sit</span> <span class='ocrx_word' id='word_1_295' title='bbox 739 4261 835 4338; x_wconf 84' lang='lat' dir='ltr'>facta;</span> <span class='ocrx_word' id='word_1_296' title='bbox 853 4262 990 4346; x_wconf 88' lang='lat' dir='ltr'>syllogen</span> <span class='ocrx_word' id='word_1_297' title='bbox 1007 4264 1088 4327; x_wconf 87' lang='lat' dir='ltr'>enim</span> <span class='ocrx_word' id='word_1_298' title='bbox 1105 4265 1142 4328; x_wconf 91' lang='lat' dir='ltr'>ab</span> <span class='ocrx_word' id='word_1_299' title='bbox 1158 4266 1225 4350; x_wconf 89' lang='lat' dir='ltr'>ipso</span> 
     </span>
    </p>
   </div>
   <div class='ocr_carea' id='block_1_3' title="bbox 138 4369 1226 4544">
    <p class='ocr_par' dir='ltr' id='par_1_4' title="bbox 138 4369 1226 4544">
     <span class='ocr_line' id='line_1_36' title="bbox 138 4369 1226 4458; baseline 0.008 -27"><span class='ocrx_word' id='word_1_300' title='bbox 138 4369 274 4433; x_wconf 84' lang='lat' dir='ltr'>relictam</span> <span class='ocrx_word' id='word_1_301' title='bbox 297 4393 360 4434; x_wconf 86' lang='lat' dir='ltr'>non</span> <span class='ocrx_word' id='word_1_302' title='bbox 385 4371 494 4435; x_wconf 87' lang='lat' dir='ltr'>habere</span> <span class='ocrx_word' id='word_1_303' title='bbox 520 4393 593 4448; x_wconf 90' lang='lat' dir='ltr'>nos,</span> <span class='ocrx_word' id='word_1_304' title='bbox 619 4372 753 4435; x_wconf 88' lang='lat' dir='ltr'>ostendit</span> <span class='ocrx_word' id='word_1_305' title='bbox 770 4372 851 4455; x_wconf 92' lang='lat' dir='ltr'>quod</span> <span class='ocrx_word' id='word_1_306' title='bbox 869 4373 976 4437; x_wconf 89' lang='lat' dir='ltr'>insunt</span> <span class='ocrx_word' id='word_1_307' title='bbox 993 4397 1071 4458; x_wconf 86' lang='lat' dir='ltr'>quae</span> <span class='ocrx_word' id='word_1_308' title='bbox 1087 4377 1226 4440; x_wconf 85' lang='lat' dir='ltr'>omniurn</span> 
     </span>
     <span class='ocr_line' id='line_1_37' title="bbox 1071 4489 1109 4544; baseline 0 -20"><span class='ocrx_word' id='word_1_309' title='bbox 1071 4489 1109 4544; x_wconf 55' lang='lat'>5*</span> 
     </span>
    </p>
   </div>
   <div class='ocr_carea' id='block_1_4' title="bbox 0 0 1430 5024">
    <p class='ocr_par' dir='ltr' id='par_1_5' title="bbox 0 0 1430 5024">
     <span class='ocr_line' id='line_1_38' title="bbox 0 0 1430 5024; baseline 0 0"><span class='ocrx_word' id='word_1_310' title='bbox 0 0 1430 5024; x_wconf 95' lang='lat' dir='ltr'> </span> 
     </span>
    </p>
   </div>
  </div>
 </body>
</html>
