2850 5024
749 370 791 429 48

232 566 369 630 Praestat
392 574 496 631 notare
521 590 572 644 ea,
598 589 675 651 quae
698 590 760 630 non
784 568 893 631 tamin
910 567 1047 650 linguam
1064 574 1207 650 peccant,
1225 587 1318 649 quam

229 679 307 741 male
330 679 539 743 demonstrata
562 687 636 743 sunt
659 687 689 743 et
712 679 864 742 rhetorem
889 687 1033 762 arguunt.

275 788 495 853 Declamatoris
508 798 553 853 est
565 789 703 853 refercire
715 790 884 853 orationem
896 790 987 853 rebus
1000 790 1106 853 alienis
1120 789 1174 852 sed
1185 810 1322 872 „magna

230 900 413 964 sonaturis.”
459 900 509 963 lta
532 900 665 964 exsultat
688 900 779 963 homo
805 908 908 964 noster
931 901 963 965 in
987 901 1142 965 mentione
1167 899 1320 984 Areopagi

230 1013 247 1095 d
280 1013 336 1088 14,
368 1032 433 1094 sqq.
478 1008 541 1072 Vos
573 1019 710 1095 oportet,
743 1011 862 1096 inquit,
897 1011 984 1075 aliter
1008 1012 1045 1075 de
1069 1011 1127 1075 reis
1151 1010 1324 1075 manifestis

231 1122 503 1206 (ὁμολογησάντων),
529 1122 617 1186 aliter
641 1123 678 1186 de
702 1123 757 1200 iis,
782 1123 835 1206 qui
859 1130 973 1208 negant
997 1147 1028 1187 se
1055 1123 1220 1207 deliquisse
1242 1121 1325 1186 iudi·

232 1255 308 1297 care.
355 1234 454 1298 Καίτοι
478 1234 527 1298 nal
552 1235 581 1298 ἐν
604 1234 702 1313 Ἀρείῳ
725 1234 828 1314 ιιάγῳ,
854 1237 882 1299 ἕν
905 1238 945 1315 τῷ
963 1234 1131 1314 σεμνιτάτῳ
1150 1233 1200 1299 axi
1220 1234 1326 1298 δικνιιο·
1355 1278 1357 1283 -

231 1344 312 1425 caira
327 1345 510 1425 δικαστηρίῳ,
533 1346 678 1422 ὁμολογῶν
697 1346 750 1423 μὲν
771 1345 903 1429 (requiro
926 1346 1010 1422 ὁμὲν
1033 1347 1095 1428 ὀμ.)
1116 1344 1224 1409 ἀδικεῖν
1249 1345 1325 1408 ἀνιο-

232 1458 356 1540 θνήσκει,
388 1456 438 1521 ε’ἀν
469 1456 492 1519 δ’
517 1456 695 1538 demandarat
718 1455 891 1536 ἐλέγχεται.
938 1456 1026 1520 Nihil
1051 1465 1096 1522 est
1120 1457 1159 1552 in¹
1177 1457 1242 1534 his,
1269 1478 1326 1520 cur

232 1576 293 1632 tam
325 1567 522 1653 magnificum
551 1567 704 1653 Areopagi
734 1569 930 1653 praeconium
954 1569 1144 1652 proferatur3
1169 1590 1225 1631 nec
1249 1590 1325 1631 sane

233 1681 359 1757 mirum,
385 1679 439 1762 qui
465 1685 555 1762 neget
578 1701 609 1742 se
633 1679 819 1744 malefecisse
843 1679 1003 1764 redargui,
1029 1687 1082 1743 aut
1111 1689 1208 1743 morte
1230 1679 1328 1764 plecti

236 1792 288 1876 qui
316 1790 445 1875 capitale
475 1790 589 1853 crimen
621 1776 658 1853 se'
686 1791 872 1855 commisisse
903 1791 1046 1854 fateatur,
1099 1791 1199 1874 Magis
1230 1791 1326 1854 etiam

235 1904 311 1967 mira
334 1909 411 1966 esset
435 1901 508 1964 haec
531 1900 616 1978 lana,
641 1901 667 1965 si
692 1900 902 1965 subiunxisset
927 1902 1056 1986 scriptor
1078 1900 1158 1965 illud
1182 1901 1267 1985 quod
1289 1925 1328 1966 ex

233 2013 368 2078 Lobeoki
402 2013 576 2076 coniectura
589 2011 592 2015 ’
605 2035 688 2076 nunc
721 2012 940 2096 subiungitur:
974 2011 1023 2076 aa}
1054 2012 1217 2076 ἀπολύετκι
1248 2013 1328 2077 οὐδὲν

234 2126 318 2203 δόξεις
348 2126 464 2190 ἀδικεῖν.
512 2123 597 2204 Quid
628 2126 708 2188 enim
740 2111 823 2210 quis
843 2125 927 2188 aliud
959 2148 976 2188 a
1005 2125 1112 2208 quovis
1137 2131 1329 2208 exspectaret

232 2236 369 2302 iudicio?
415 2236 475 2300 Sed
498 2237 563 2300 fieri
587 2244 708 2322 potest,
734 2237 824 2300 utin
849 2237 946 2302 verbis
971 2237 1122 2321 corruptis
1145 2237 1193 2300 καὶ
1213 2240 1328 2298 πολλοῦ

233 2349 294 2414 οὐδὲ
324 2346 408 2424 δόξαν
434 2349 541 2412 ἀδικεῖν
568 2349 638 2412 talis
663 2348 814 2412 sententia
836 2348 931 2412 lateat
953 2347 1013 2413 κκὶ
1038 2348 1167 2412 πολλοὶ
1191 2346 1241 2420 ‘idn
1266 2348 1328 2426 οὐχ

234 2459 467 2538 ductorductor&
491 2460 557 2523 οὐδ’
580 2459 704 2536 ἔδοξαν
727 2461 881 2536 ἀδικεῖν,
901 2460 1014 2538 „multi
1035 2457 1214 2542 adeo'quod
1233 2479 1328 2541 nega-

236 2577 363 2650 „verant
385 2594 416 2634 se
440 2593 578 2655 peccasse
602 2571 735 2634 absoluti
760 2571 871 2648 sunt,’'
895 2571 976 2635 unda
1001 2578 1082 2634 certe
1106 2570 1182 2634 effici
1205 2577 1326 2653 posset,

236 2682 419 2766 quantavis
443 2683 474 2745 in
498 2683 551 2746 illo
574 2682 690 2746 iudicio
715 2683 897 2746 confessioni
921 2682 1052 2746 adscribi
1076 2681 1194 2745 soleret.
1223 2679 1265 2743 Εἰ
1282 2680 1327 2744 sic

236 2817 306 2858 cum
341 2793 443 2877 aliqua
478 2793 576 2878 specie
609 2793 784 2857 dicerentur
813 2814 891 2876 quae
922 2800 1110 2876 sequuntur:
1139 2791 1235 2856 οὔκουν
1266 2792 1327 2872 χρὴ

236 2906 335 2982 ὅμοι’κν
358 2905 475 2983 γνώμην
498 2904 577 2986 ἔχειν
601 2902 669 2981 περί
688 2930 722 2968 τε
745 2911 799 2969 τῶν
820 2905 993 2983 ἀρνουμένων
1014 2905 1062 2968 cal
1081 2909 1137 2968 τῶν
1156 2905 1330 2980 ὁμολογούν-

236 3041 302 3081 των.
349 3015 523 3079 Sententiae
547 3016 722 3101 propositae
746 3016 909 3100 respondet
928 3014 1019 3078 lectio
1039 3013 1132 3078 Laut.
1152 3014 1200 3078 κκῖ
1223 3016 1328 3080 πολλοὶ

237 3125 292 3192 οὐδ’
312 3124 410 3202 ἔδιξιιν
426 3127 550 3208 ἀδικεῖν,
565 3149 655 3210 quam
668 3149 769 3190 veram
781 3135 835 3190 aut
848 3149 918 3189 vero
931 3127 1103 3211 propiorem
1116 3125 1218 3190 iudico
1232 3148 1327 3209 quam

237 3244 396 3323 receptam.
435 3236 502 3300 Nec
529 3245 630 3301 tamen
654 3261 731 3323 nego
756 3238 830 3301 haee
854 3238 982 3301 obscure
1006 3236 1088 3301 dicta
1111 3260 1194 3314 essc3
1212 3246 1329 3301 totum-

238 3371 298 3433 que
314 3348 396 3412 hunc
412 3347 513 3412 locum
530 3349 566 3412 de
583 3350 743 3434 Areopago
760 3349 798 3413 ad
810 3345 994 3427 „ambitiosa
1006 3349 1203 3412 ornamenta'’
1214 3350 1325 3413 refero.

284 3458 392 3523 Nihilo
415 3460 511 3543 magis
535 3467 607 3545 apta
626 3468 671 3524 est
686 3462 909 3546 argument-atio
926 3460 962 3524 de
980 3461 1112 3543 Diagora
1128 3459 1254 3545 Meliod
1275 3464 1327 3547 17τ

240 3569 429 3648 Andocides,
461 3571 579 3655 inquit,
611 3573 708 3656 magis
740 3573 831 3637 etiam
855 3573 966 3656 impius
991 3580 1036 3636 est
1060 3594 1150 3655 quam
1176 3571 1329 3653 Diagoras

240 3681 369 3759 Melius;
402 3683 452 3746 hic
483 3684 563 3747 enim
595 3683 725 3767 deliquit
753 3685 784 3747 in
809 3684 881 3747 deos
906 3683 1036 3760 alienos,
1062 3683 1119 3746 iste
1143 3683 1175 3745 in
1198 3682 1328 3766 patrios.

241 3792 424 3874 Ὀργῖζεσθιιι
456 3790 510 3859 οὖν
540 3798 616 3877 χρή,
645 3791 785 3874 ἀάνδρες
809 3795 969 3872 ’narratae
995 3802 1054 3866 τοῖς
1077 3797 1176 3864 ἀστοῖς
1199 3793 1329 3858 ἀδικοῦσι

241 3908 357 3982 μᾶλλον
377 3905 394 3980 ἢ
413 3912 472 3976 τοῖς
493 3904 578 3982 ξένοις
598 3907 659 3987 περὶ
679 3912 780 3971 retra
795 3908 836 3972 τά
851 3906 930 3987 ῖερά,
947 3906 1066 3989 „magis
1083 3905 1178 3988 igitur
1194 3925 1246 3966 vos
1264 3926 1331 3967 sus-

192 4004 194 4010 ’
242 4038 385 4094 „censere
409 4023 529 4100 oportet
552 4017 669 4080 civibus
693 4016 891 4102 peccantibus
915 4017 947 4079 in
971 4017 1045 4080 haec
1069 4037 1153 4078 sacra
1170 4036 1261 4098 qnam
1279 4037 1331 4099 pe-

242 4126 423 4212 ‚,regrinis.”
470 4127 548 4206 Quis
577 4137 623 4191 est
647 4130 721 4212 quin
745 4129 847 4192 videat
871 4128 945 4191 haec
970 4127 1047 4192 male
1071 4126 1216 4190 conclusa
1239 4111 1331 4189 essi?

243 4238 291 4302 Sic
330 4239 409 4302 enim
447 4239 608 4322 procedere
639 4239 769 4304 debebat
800 4239 1043 4323 argumentatio:
1077 4259 1129 4300 vos
1161 4237 1329 4320 Diagoram

242 4350 435 4433 peregrinum
458 4349 638 4434 punivistis;
663 4351 742 4413 cives
766 4356 863 4415 autem
886 4350 918 4412 in
937 4371 1020 4412 sacra
1043 4370 1098 4412 sua
1113 4347 1329 4430 delinquentes
