2850 5024
675 336 738 396 194

163 533 242 596 chon
266 531 331 595 Rex
354 531 507 614 ceterique
530 530 664 614 collegae
683 530 830 595 sollemne
849 531 1031 595 sacrificium
1047 530 1189 615 proximo
1206 530 1255 593 die

163 653 310 726 peragant
332 643 349 726 b
373 643 409 704 8:
434 641 495 705 ἔστι
518 641 544 704 δ’
568 643 634 718 ὑμῖν
656 645 688 705 οὐ
711 648 796 706 τοῦτο
820 642 902 718 μόνον
925 642 1079 717 σκεπτέον,
1103 640 1254 705 ἀλλὰκαὶ

162 755 279 833 πότερον
301 751 502 828 εὐσεβέστερον
524 751 573 815 σὸν
594 749 726 827 βασιλέα
749 751 797 815 καὶ
821 752 887 822 τοὺς
908 749 1107 831 συνάρχοντας
1129 751 1172 814 σα
1185 751 1255 829 ὑπὲρ

162 867 213 925 τοῦ
231 861 387 938 μέλλοντος
412 858 506 938 ἄρξειν
529 860 591 939 ἱερα
614 863 714 942 θῦσαι,
733 863 769 931 ὡς
786 861 835 924 καὶ
855 859 987 939 πρότερον
1006 860 1056 934 ἤδη
1076 860 1253 941 γεγένησαι,

163 972 179 1045 ἢ
211 971 260 1035 καὶ
294 976 410 1045 τοῦτον,
450 971 484 1032 in
518 969 631 1051 quibus
665 969 679 1032 ι’
713 968 831 1046 μέλλων
863 967 958 1046 ἄρξειν
992 968 1106 1031 dicitur
1140 971 1255 1032 archon

162 1104 339 1166 eponymua,
370 1080 423 1161 qui
454 1080 486 1143 in
519 1079 622 1142 locum
656 1077 808 1152 Evandri,
845 1079 869 1140 si
902 1078 1094 1161 improbatus
1124 1078 1253 1154 fuisset,

163 1190 398 1253 substituendus
433 1195 530 1265 esset,
569 1187 673 1250 eadem
705 1188 823 1250 ratione
853 1209 914 1269 qua
949 1186 1129 1270 Eponymus
1161 1186 1254 1270 vulgo

164 1299 343 1382 simpliciter
373 1295 472 1377 ἄρχων
500 1297 623 1360 dicitur.
670 1295 792 1360 Crimen
817 1296 971 1360 obiectum
995 1304 1040 1359 est
1062 1297 1253 1360 tralaticium

161 1408 258 1484 illud,
290 1407 373 1490 quod
397 1407 539 1470 saevitiae
562 1405 690 1488 triginta
717 1407 852 1469 virorum
876 1407 976 1468 socius
999 1405 1125 1482 fuisset3
1150 1407 1255 1489 singu·

161 1517 238 1580 laria
269 1516 342 1579 huic
373 1524 403 1579 et
426 1516 550 1600 propria
573 1537 633 1578 non
657 1514 864 1597 proferuntur.
912 1513 978 1578 Nec
1002 1537 1178 1578 successum
1202 1515 1254 1578 ba·

162 1625 231 1688 buit
253 1626 369 1702 orati03
394 1624 537 1688 Evander
560 1625 697 1707 proximo
725 1646 805 1687 anno
832 1624 984 1707 Eponymi
1012 1646 1139 1687 munere
1168 1624 1256 1687 func·

162 1741 213 1795 tus
237 1741 292 1796 est.

207 1841 315 1904 Oratio
346 1842 420 1904 satis
452 1848 499 1904 est
522 1841 603 1904 bona
626 1848 656 1904 et
678 1842 799 1924 integra
806 1866 815 1916 3
841 1863 912 1903 nam
936 1862 1014 1923 quae
1038 1841 1254 1907 desiderantur

161 1952 250 2015 initio
281 1972 344 2013 non
374 1949 474 2013 multa
505 1957 595 2026 sunt3
628 1951 695 2034 ipsa
719 1950 934 2033 opportunitas
958 1950 1104 2014 orationis
1127 1951 1253 2016 habitae

161 2060 308 2135 faciebat,
334 2067 370 2122 ut
393 2059 431 2122 de
453 2058 661 2122 Leodamante
684 2059 856 2141 improbato
880 2059 1010 2141 aliisque
1032 2060 1137 2137 rebus,
1156 2062 1252 2145 vulgo

162 2177 230 2232 tum
259 2169 357 2240 notis,
389 2189 452 2230 non
483 2169 604 2251 copiose
628 2175 707 2231 esset
730 2168 962 2252 exponendum3
988 2192 1022 2233 ea
1047 2177 1140 2253 prout
1163 2193 1254 2255 argu-

161 2281 309 2343 mentatio
333 2278 510 2362 postulabat
533 2278 665 2341 breviter
687 2280 848 2342 memorari
872 2284 1022 2361 poterant.

206 2387 330 2452 Interiit
356 2389 436 2451 inter
467 2389 635 2451 orationem
664 2389 704 2448 25
730 2394 761 2450 et
783 2387 863 2450 hanc
887 2410 968 2451 unus
993 2389 1154 2471 quaternio
1178 2391 1200 2452 i.
1225 2412 1251 2453 e.

162 2499 288 2582 paginae
312 2498 418 2581 quales
440 2498 472 2560 in
497 2497 631 2560 editione
654 2496 793 2573 Scheibi,
815 2497 1046 2580 quatuordecim
1069 2498 1150 2573 fere,
1174 2519 1253 2580 quae

163 2606 359 2671 continebant
392 2605 561 2669 secundum
588 2606 722 2669 indicem
745 2606 886 2670 Palatino
910 2607 1118 2690 praepositum
1142 2607 1253 2669 oratio·

161 2737 232 2778 nem
262 2714 343 2777 κατὰ
373 2715 489 2778 Νικίδου
519 2710 626 2794 ἀργίας
657 2716 705 2798 (cf.
736 2715 849 2799 Saupp.
882 2739 929 2799 ep.
959 2739 987 2799 p.
1015 2718 1049 2794 7,
1075 2717 1149 2799 sq.),
1174 2738 1253 2799 quae

162 2831 262 2886 totum
293 2846 388 2907 paene
420 2825 650 2908 quaternionem
682 2825 831 2908 explevit3
864 2848 934 2888 nam
954 2807 998 2888 ¹in
1022 2825 1080 2888 fine
1104 2825 1253 2888 orationis

164 2935 204 2996 25
231 2933 371 2997 similiter
393 2957 455 2997 non
479 2935 539 2997 nisi
562 2956 660 3018 pauca
682 2935 834 2998 interiisse
856 2935 1009 2999 videntur.

223 3161 291 3205 XXV
293 3162 325 3202 II.
355 3161 421 3204 KAT'
435 3168 609 3206 ΕΠῙΚΡΑΤΟΤΣ
624 3169 671 3206 ΚΑΙ
686 3170 748 3206 ΤΩΝ
761 3169 1012 3208 ΣΤΜΠΡΕΣΒΕΤΤΩΝ.
1034 3170 1186 3213 ΕΠΙΛΟΓΟΣ,

600 3258 641 3295 nr.
656 3259 812 3296 oaomroz.

207 3454 277 3536 pt.
323 3451 420 3536 Saepe
450 3453 484 3515 hi
511 3453 596 3516 vobis
620 3453 780 3529 dixerunt,
805 3453 865 3515 nisi
889 3460 1085 3518 coerceantur
1108 3453 1251 3536 rapinae,

163 3582 239 3644 quas
267 3561 327 3644 ipsi
357 3561 561 3639 denuncient,
592 3563 728 3647 peritura
758 3584 823 3626 esse
846 3562 932 3626 vobis
957 3563 1110 3647 stipendia
1133 3562 1254 3645 (ἐπιλεί-

162 3675 212 3748 ψει
243 3671 320 3747 ὑμαῖς
352 3675 368 3746 ἦ
399 3671 580 3755 μισθοφορά).
626 3671 685 3736 Καὶ
716 3678 764 3736 νῦν
794 3672 870 3736 οὐδὲν
902 3670 985 3747 ἧττον
1008 3677 1140 3737 τοσοῦτον
1161 3672 1250 3746 ἐνδεῖ,

162 3776 236 3842 ὥστε
264 3777 297 3842 τὸ
320 3779 374 3855 μὲν
393 3782 564 3854 πλῆθος...
581 3830 588 3845 .
609 3780 699 3854 καὶὴ
722 3780 849 3859 αἰσχύνη
873 3781 889 3853 ἡ
914 3780 961 3844 aa
982 3781 1090 3845 τούτων
1113 3781 1181 3855 ὑμῖν
1203 3780 1251 3856 γί-

162 3909 283 3967 γνεται,
308 3889 324 3961 ἡ
347 3886 372 3948 δ’
390 3889 517 3968 ὠφέλεια
539 3887 657 3960 τούτοις.
692 3887 849 3951 Lacunam
873 3890 999 3971 agnovit
1018 3888 1176 3964 Dobreus,
1194 3889 1249 3970 qui

162 4000 264 4057 tamen
294 3995 327 4058 in
359 3996 510 4059 sententia
533 3997 749 4059 constituenda
767 3997 898 4060 errant:
923 3997 1031 4079 „quod
1054 3997 1106 4060 isti
1129 4019 1249 4081 semper

161 4103 383 4183 ‚,dictitabant,
408 4128 490 4169 nuno
513 4106 621 4170 saltem
644 4127 748 4169 verum
772 4113 818 4168 est
825 4132 835 4182 3
855 4128 956 4189 quum
979 4107 1023 4169 ita
1047 4108 1168 4170 attritae
1185 4108 1249 4169 sint

162 4213 317 4289 „civitatis
347 4236 438 4298 opes,
469 4223 505 4278 ut
537 4216 610 4298 [nisi
642 4222 837 4279 coerceantur
867 4217 976 4279 horum
1004 4217 1146 4300 rapinae,
1170 4218 1248 4299 peri·
