2850 5024
517 1205 816 1270 EPILOGUS.

168 1773 240 1837 Non
273 1772 406 1836 alienum
436 1772 527 1835 fuerit
551 1771 608 1834 hoc
633 1770 700 1834 loco
724 1771 868 1855 colligere
892 1794 926 1834 ea
950 1794 1028 1854 quaa
1051 1772 1089 1836 de
1113 1773 1217 1856 singu·

126 1887 163 1949 lis
188 1885 377 1950 orationibus
402 1884 566 1948 statuenda
589 1884 760 1948 videantur.

125 2120 146 2161 1.
183 2099 229 2161 De
251 2097 342 2161 caede
360 2096 583 2160 Eratosthenis.
695 2097 847 2161 Genuina.

127 2229 175 2271 111.
212 2210 292 2291 (nam
319 2207 356 2270 de
381 2228 416 2271 11.
440 2209 526 2293 alias)
546 2208 649 2271 adver·
695 2209 846 2273 (leonina.

209 2341 260 2381 sus
280 2318 443 2382 Simonem.

126 2451 167 2494 1v.
204 2431 250 2493 De
272 2430 397 2493 vulnere
419 2428 648 2512 praemeditato
695 2429 814 2506 Dubia,
840 2429 947 2512 utiquc
970 2428 1137 2511 ἄκὲφκλοςς
1159 2435 1217 2497 for·

736 2546 816 2601 tasse
844 2546 890 2601 est
915 2541 1090 2605 exercitatio
1115 2544 1215 2606 rheto-

737 2648 809 2712 rica.

129 2782 158 2824 v.
194 2758 254 2820 Pro
278 2756 385 2819 Callia.
696 2756 830 2820 Parvum
873 2758 1091 2842 fragmentum,
1136 2763 1219 2845 quod

740 2865 849 2950 Lysiae
877 2891 941 2933 esse
966 2879 1077 2954 potest.

126 2997 166 3041 vi.
201 2976 240 3040 In
264 2976 464 3040 Andocidem.
696 2976 913 3061 Suppositicia.

126 3107 180 3149 vn.
216 3087 263 3149 De
283 3094 392 3150 trunco
414 3086 497 3148 oleae
518 3106 629 3148 sacrae.
696 3086 848 3151 Genuina.

126 3217 196 3260 vm.
230 3197 302 3278 Πρὸς
336 3196 402 3268 τοὺς
437 3195 646 3267 novocomensis
693 3195 908 3281 Suppositicia.

231 3312 417 3382 sanctensis.

127 3436 170 3480 ix.
207 3416 266 3478 Pro
289 3416 387 3479 milite
407 3414 592 3500 (Polyaeno).
696 3416 913 3502 Suppositicia.

127 3546 157 3588 x.
193 3526 230 3589 ln
254 3526 496 3588 Theomnastum
516 3525 542 3588 I.
696 3527 849 3594 Genuina.

127 3655 171 3698 m.
206 3635 244 3698 In
268 3634 508 3699 Theomnestum
525 3634 577 3710 ΙΙ.Ι
695 3637 837 3722 Epitome
870 3641 1052 3724 superioris,
1082 3647 1219 3729 supposi-

741 3749 823 3812 ticia.

127 3873 183 3916 ΧΠ.
220 3853 258 3916 Ιη
282 3855 526 3920 Eratosthenem.
697 3858 849 3925 Genuina.

128 3983 197 4027 xiii.
234 3964 272 4027 In
296 3969 474 4050 Agoratum.
696 3969 849 4032 Genuina.

128 4093 190 4137 xm.
227 4074 264 4137 In
289 4075 480 4139 Alcibiadem
504 4076 530 4139 I.
695 4077 847 4144 Genuina.

128 4203 178 4247 xv.
216 4184 251 4247 ln
278 4186 468 4249 Alcibiadem
493 4185 536 4251 Π.
696 4189 918 4274 Suppositicin;
939 4194 1066 4259 fortasse
1087 4222 1219 4278 capane-

741 4302 858 4377 arolam
883 4327 919 4368 ex
942 4308 1087 4390 genuina.
