2850 5024
683 368 746 429 150

164 578 188 641 sl
211 577 240 641 δέ
262 601 304 656 τῳ
326 577 368 653 μὴ
391 556 557 654 βουλομένῳ
579 571 639 647 εἴη,
665 571 825 654 ε’ξοολεόφοι.
843 610 888 622 -
911 573 1150 648 Difficultatem,
1168 592 1261 654 quam

164 688 260 752 movit
290 686 432 751 Debreus
463 684 501 748 de
532 684 688 761 δημότοοις,
723 684 835 767 quibus
867 690 903 746 ut
926 685 1149 767 gratificaretur
1172 683 1263 767 Poly-

165 805 297 874 stratus,
329 818 392 859 non
424 817 501 879 opus
533 794 641 857 fuisset
673 800 760 856 tanto
791 815 936 871 numero,
969 794 1053 877 quod
1084 793 1173 871 δῆμος
1197 801 1261 856 tam

165 910 277 992 exigua
305 929 375 991 pars
404 906 445 968 sit
473 904 623 980 civitatis,
654 902 731 966 mihi
762 903 885 987 quidem
917 925 980 968 non
1011 904 1101 988 plane
1131 904 1262 967 removit

165 1017 299 1093 Bakius,
316 1038 443 1079 monens
459 1015 541 1079 κοντοὶ
556 1015 661 1090 δήμους
679 1013 852 1096 catalogum
865 1013 1038 1077 confectum
1049 1014 1154 1076 fuisse.
1179 1011 1262 1076 Nam

164 1128 257 1192 verba
287 1125 386 1204 μηδεὶς
416 1131 471 1190 τῶν
494 1125 622 1198 δημοτῶν
646 1123 723 1187 mihi
745 1124 915 1187 necessario
939 1123 978 1186 de
1000 1146 1063 1188 uno
1087 1123 1178 1187 demo
1202 1123 1260 1186 Po

164 1238 283 1322 lystrati
315 1235 523 1319 intellegenda
547 1233 699 1298 videntur.
747 1232 779 1296 Si
814 1256 920 1297 omnes
957 1234 1124 1310 voluisset,
1150 1232 1262 1316 quidni

164 1353 220 1412 τῶν
243 1355 366 1412 πολιτῶν
389 1344 542 1409 dixisset?

209 1458 226 1540 d
252 1459 301 1520 14.
345 1454 386 1518 Vi
409 1461 533 1517 tantum
555 1452 639 1536 adigi
654 1451 791 1540 potuisse
808 1450 883 1515 dicit
898 1451 1125 1536 Polystratum,
1142 1458 1180 1515 ut
1194 1453 1261 1524 τοὺς

165 1567 417 1646 πεντοοκιςχιλόους
442 1564 576 1648 eligeret.
624 1564 667 1626 At
690 1563 807 1626 lactum
830 1562 888 1626 hoc
912 1569 958 1625 est
981 1561 1074 1646 paulo
1099 1569 1170 1627 01110
1187 1548 1263 1646 qlia-

165 1676 344 1760 dringentos
376 1675 531 1750 sublatos,
562 1673 675 1758 quibus
706 1674 765 1736 hoc
788 1673 970 1736 necessitate
994 1695 1173 1757 expressum
1196 1681 1260 1748 est,

164 1792 201 1848 ut
225 1786 339 1870 populo
363 1785 616 1869 gratificarentur.
664 1781 696 1844 Si
718 1782 815 1866 igitur
839 1782 869 1844 vi
892 1789 923 1845 et
937 1782 1030 1845 minis
1047 1790 1171 1846 coactus
1188 1782 1263 1846 fuis·

164 1902 211 1957 set
233 1893 425 1978 Polystratus
450 1900 485 1956 ut
508 1891 683 1975 catalogum
706 1892 885 1969 conficeret,
908 1892 1069 1976 prudentis
1085 1893 1196 1955 fuisset
1210 1914 1263 1976 pa·

164 2003 246 2067 troni
269 2003 302 2066 id
325 2011 433 2066 tacere.
481 2001 541 2066 Sed
568 2024 615 2065 res
638 2023 692 2086 per
715 2024 747 2064 se
770 2001 861 2064 etiam
885 2024 992 2086 parum
1015 2001 1204 2086 probabilis,
1232 2009 1263 2065 et

164 2113 268 2198 potius
292 2106 463 2196 excogitata
485 2113 624 2189 videtur,
649 2120 685 2175 ut
708 2111 882 2176 dissensum
905 2112 1058 2196 quendam
1078 2113 1159 2176 inter
1177 2111 1213 2175 P.
1232 2119 1263 2176 et

165 2222 405 2307 quadringentos
432 2224 569 2307 fingeret.
616 2222 780 2286 Evanescit
814 2223 913 2286 omnis
948 2222 1111 2286 difficultas
1143 2222 1264 2285 adscita

165 2332 341 2395 coniectura
363 2332 468 2395 Bakii:
499 2329 580 2403 οὗτος
604 2331 627 2395 δ’
651 2334 710 2396 οὔτ’
729 2333 833 2409 όμότοοι
857 2334 969 2415 ἥόελεν,
996 2333 1065 2397 οὔτ’
1088 2332 1264 2402 εἷςελόεῑν

165 2462 221 2526 pro
245 2441 312 2506 οὔτε
334 2442 530 2518 καταλέγειν,
555 2463 648 2525 quam
671 2443 704 2505 in
728 2441 788 2505 alio
813 2442 938 2526 quidem
961 2443 1106 2527 scriptore
1129 2446 1265 2524 utraque

165 2575 259 2616 manu
282 2551 487 2635 amplecterer.
523 2550 606 2615 Nam
629 2541 1263 2637 01100100011001οἤόελεν,η’νοέγκοοζον,

166 2662 279 2746 quibus
309 2660 389 2725 redit
421 2659 458 2723 ad
482 2661 639 2744 superiora
672 2668 810 2745 tempora
844 2664 1008 2745 (voluerut,
1036 2662 1202 2745 coeperunt)
1230 2661 1265 2723 in

164 2772 289 2856 vulgata
312 2771 442 2834 molesta
468 2776 550 2834 sunt.

209 2882 257 2946 Ib.
303 2887 359 2946 τῶν
393 2881 418 2946 δ’
444 2881 579 2947 εἰπόντων
609 2883 676 2957 ὑμῖν
705 2883 851 2946 τοὶνκντέοο
879 2882 928 2946 nal
955 2881 1002 2946 διόο
1031 2881 1131 2951 τέλους
1158 2882 1188 2944 έν
1219 2886 1263 2963 τῷ

163 2991 355 3072 βουλευτηρίῳ
376 2990 460 3056 όντων
482 2993 548 3075 (pro
571 2991 741 3075 γενομένων)
764 2991 866 3056 πολλοὶ
889 2990 1122 3073 ἀποπεφεύγασι
1145 3028 1207 3053 —-.
1238 2993 1264 3056 οἱ

163 3103 217 3179 μὲν
241 3101 300 3179 γὰρ
323 3102 506 3172 δοκοῦντες
525 3101 662 3165 οὶδικεῖν
685 3100 850 3182 ε’ξητημένοι
870 3102 939 3166 εἰσὶν
960 3101 1016 3164 ὑπὸ
1035 3107 1091 3165 τῶν
1111 3102 1179 3177 ὑμῖν
1195 3124 1265 3182 προ·

163 3211 257 3287 όόμονν
287 3213 315 3274 ἐν
347 3218 405 3282 τοῖς
429 3210 587 3289 apamen
610 3209 788 3287 γενομένων,
812 3213 835 3275 οἱ
862 3210 886 3274 δ’
910 3211 1120 3286 ἠδικηκότες
1144 3211 1264 3291 ε’κπριοέ-
1308 3209 1312 3216 ’

163 3344 241 3398 μενοι
263 3321 330 3392 τοὺς
352 3319 530 3396 κατηγόρους
553 3319 610 3383 οὐδ’
635 3317 734 3395 έδοξοον
757 3320 874 3386 οὶδικεῒν.
915 3320 959 3384 Ut
983 3321 1136 3406 oppositio
1156 3320 1265 3405 aliqua

163 3429 204 3492 sit
233 3430 257 3494 οἱ
288 3430 432 3501 δοκοῦντες
454 3428 529 3493 όοδικ.
554 3434 645 3492 erunt
665 3429 717 3512 qui
737 3429 852 3492 iniuria
871 3428 1056 3494 videbantur
1076 3430 1262 3515 deliquisse,

162 3541 186 3604 ol
210 3539 281 3614 ηδικ.
305 3539 359 3622 qui
380 3560 413 3602 re
436 3561 508 3602 1010
530 3537 733 3622 deliquerant.
781 3537 840 3602 Sed
873 3561 977 3605 omnes
1001 3542 1056 3624 qui
1080 3564 1263 3606 enumeran-

162 3656 214 3713 tur
237 3650 274 3731 (οἱ
298 3648 425 3720 εἰπόντες
449 3651 516 3725 ὑμῖν
539 3648 683 3713 τοὲνοοντίοο
710 3647 760 3712 aa>
788 3648 836 3714 διοδ
858 3649 959 3722 τέλους
983 3654 1013 3714 έν
1035 3653 1075 3731 τῷ
1098 3653 1262 3728 βουλευτη-

160 3759 207 3840 ρίῳ
236 3757 394 3842 γενόμενοι)
425 3757 542 3842 aliquid
577 3763 783 3842 peccaverant.
831 3757 942 3843 Itaque
977 3760 1141 3835 ἠδικηκότες
1178 3764 1261 3827 male

163 3869 302 3948 additum
325 3890 391 3932 esse
415 3867 591 3951 Hirschigio
607 3868 758 3930 assentior
774 3866 873 3950 (Misc.
894 3871 977 3932 1850
987 3917 997 3946 ,
1020 3893 1050 3955 p.
1071 3873 1156 3954 138).
1188 3871 1263 3938 Sen-

162 3979 260 4043 tentia
282 4000 347 4042 esse
370 3977 517 4042 debebat:
542 3978 580 4062 ii,
605 3978 660 4060 qui
683 3977 837 4041 iudicibus
854 4001 953 4063 poena
968 3979 1055 4064 digni
1071 3981 1258 4046 videbantur

163 4091 267 4155 amicis
297 4088 531 4173 deprecantibus
560 4088 657 4173 erepti
679 4088 816 4172 periculo
840 4095 930 4166 sunt,
955 4089 1009 4152 alii
1032 4091 1184 4174 corruptis
1210 4113 1257 4154 ac·

93 4210 96 4214 '
162 4200 355 4264 cusatoribus
389 4221 513 4263 causam
546 4221 607 4263 non
639 4199 784 4263 dixerunt
814 4222 838 4261 0.
872 4222 911 4263 ne
941 4199 1096 4264 iudicibus
1129 4201 1256 4284 quidem

163 4308 346 4375 videbantur
369 4310 546 4395 deliquisse.
