2850 5024
686 310 746 369 144

172 525 271 566 orasse
298 504 349 567 fiio
379 505 577 588 compositam
601 507 756 583 existimo,
783 516 817 571 ut
840 511 1137 586 „contemnendam”
1162 510 1262 574 dicere

172 615 309 679 audeam.
357 615 458 678 Multa
489 617 569 678 enim
601 617 708 679 insunt
737 618 769 680 in
802 641 835 681 ea
862 628 922 682 tam
946 620 1061 684 insulse
1086 630 1116 684 et
1139 623 1261 707 inepte,

172 738 207 791 nt
230 750 323 811 quare
350 729 412 790 sint
436 727 633 812 improbanda
656 750 717 791 non
741 729 832 814 longa
856 730 1115 798 demonstratione
1139 745 1259 819 egeant.

172 840 221 904 Sic
246 840 349 923 stetim

216 954 232 1036 ᾧ
259 955 286 1016 l.
334 951 366 1015 οὔ
381 975 428 1028 μοι
453 951 529 1015 δοκεῖ
548 960 652 1031 χρῆναι
673 952 830 1032 ὀργίζεσθαι
848 955 926 1031 ὑμᾶς
945 958 985 1035 τῷ
1005 957 1124 1034 όνόματι
1145 961 1187 1040 τῷ
1207 965 1261 1023 τῶν

170 1065 371 1144 τετρακοσίων,
396 1064 480 1127 αλλόο
502 1071 561 1133 τοῖς
584 1063 675 1141 ἔργοις
698 1064 803 1129 ε’νίων.
840 1063 1001 1129 Claudieat
1024 1067 1056 1131 in
1076 1067 1124 1131 his
1141 1071 1261 1154 opposi-

170 1177 213 1239 tio
222 1202 231 1253 3
252 1175 387 1258 requiras
406 1174 489 1238 οίλλοὶ
509 1177 624 1249 μαλλον
643 1181 701 1245 τοῖς
719 1175 808 1253 ἔργοις
814 1227 823 1257 ,
843 1177 891 1239 vel
908 1180 1097 1258 τετρακοσίων
1109 1181 1256 1244 οίποίντων.

215 1288 253 1353 Οἱ
276 1287 328 1366 μὲν
352 1286 410 1365 γαρ
433 1285 694 1363 ἐπιβουλεύσαντες
719 1283 791 1360 ἦσαν
812 1291 905 1353 αὐτῶν
925 1312 979 1372 pro
1000 1291 1257 1367 ἐπιβουλεύσοντος

170 1399 237 1475 ὑμίν
259 1399 456 1478 συνίστασαν,
481 1404 534 1460 aut
558 1398 638 1474 ἐπιβ.
663 1398 729 1474 ὑμῖν
753 1400 867 1477 ποίλαι,
892 1401 916 1463 οἱ
940 1401 963 1462 δ’
986 1426 1014 1467 κ.
1039 1427 1066 1466 τ.
1091 1406 1114 1469 ἐ.

213 1513 229 1595 ξ
253 1513 282 1574 2.
329 1516 518 1588 κατηγοροῦσι
551 1508 573 1572 δ’
604 1512 694 1574 αὐτοῦ
723 1514 759 1583 ὡς
784 1514 833 1575 ούκ
856 1512 950 1586 εὔνους
974 1509 1005 1585 ἦν
1028 1517 1068 1595 τῷ
1092 1516 1195 1588 πληθει
1220 1540 1258 1595 τιρ

169 1621 310 1703 ὑμετέρῳ,
332 1620 449 1700 αἱρεθείς
470 1620 523 1682 ὑπὸ
542 1626 596 1684 τῶν
617 1627 766 1704 φυλετῶν,
787 1619 813 1686 οἳ
831 1621 937 1703 ν’ίριστα
949 1626 1089 1702 διαγνοῖεν
1101 1625 1137 1690 θον
1150 1651 1178 1691 κ.
1193 1651 1222 1690 τ.
1236 1627 1258 1690 ἓ.

169 1735 199 1817 (i.
225 1757 250 1796 e.
278 1731 355 1810 „sed
379 1731 492 1794 electus
516 1743 561 1795 est
585 1755 602 1794 a
625 1732 808 1810 tribulibus,
834 1737 887 1818 qni
911 1737 1024 1819 optime
1048 1738 1258 1822 novissent'’)‚

169 1866 223 1931 pro
246 1844 327 1927 ηρίθη
351 1844 456 1923 μέντοι.

210 1959 226 2041 θ
249 1959 279 2019 3.
326 1955 440 2036 πότερον
463 1957 499 2026 ὡς
523 1955 636 2031 ἡλικίαν
658 1979 685 2020 κ.
711 1980 739 2020 τ.
763 1955 785 2018 ἑ.
813 1965 964 2041 corrupta.
992 1949 994 1954 ’

211 2070 250 2138 είς
273 2073 328 2131 τῶν
353 2066 491 2146 ὑμετέρων
513 2065 579 2130 τινοί
602 2088 656 2149 pro
681 2068 721 2137 είς
744 2071 798 2130 τῶν
821 2068 929 2132 παίδων
952 2074 1007 2133 τῶν
1031 2071 1085 2146 ύμ.
1112 2069 1187 2134 τινα.

211 2177 288 2258 ὁρᾶτ’
309 2179 397 2240 αὐτοῦ
417 2177 468 2249 τίον
490 2177 617 2250 ἡλικίαν,
639 2173 655 2250 ἢ
675 2177 724 2239 καί
741 2178 806 2245 τοὺς
818 2176 926 2250 σίλλους
938 2180 1033 2250 ἱκανός
1046 2184 1122 2244 ἐστιν
1134 2182 1256 2260 οίποτρέ-

168 2313 230 2354 σειν
250 2289 356 2353 τούτων
376 2308 431 2370 pro
446 2287 479 2350 δι’
500 2282 531 2361 ἣν
551 2285 670 2369 (Cobet)
688 2282 767 2362 antii
782 2289 859 2372 [καί]
873 2289 937 2361 τοὺς
950 2289 1058 2362 σίλλους
1071 2293 1154 2364 ἱκανή
1168 2293 1256 2357 ἐστιν.

210 2402 279 2484 ξύ.
326 2396 404 2470 όστις
434 2399 487 2472 μὲν
509 2395 555 2462 οὖν
578 2396 681 2475 όίτιρος
704 2399 756 2474 όν,
780 2401 866 2464 κακόν
880 2426 916 2465 -τι
941 2402 1136 2482 ἐργασόμενος
1161 2407 1189 2468 ἐν
1215 2407 1255 2483 τῷ

166 2512 283 2593 πρόσθεν
300 2511 408 2591 χρόνῳ,
427 2511 525 2590 ἑτέρας
545 2509 694 2580 πολιτείας
710 2512 887 2588 ἐπεθύμησε,
909 2513 956 2577 δια
975 2513 1015 2577 τόν
1032 2516 1148 2593 πρόσθεν
1161 2516 1259 2596 οίρααρ-

164 2625 289 2701 τηματα
313 2621 401 2685 αὑτοῦ
424 2618 495 2684 ἕνεκ’
518 2620 554 2684 όιν
578 2620 713 2698 ἔπραττε.
760 2620 848 2684 Bella
871 2624 1037 2686 sententia:
1063 2622 1140 2695 όστις
1167 2625 1258 2690 κακόν

164 2761 192 2800 τι
216 2733 414 2812 ἐργασοίροενος
436 2731 676 2808 -ἐπεθύμησε,
701 2732 746 2796 διόι
765 2733 806 2796 τόν
826 2735 943 2813 πρόσθεν
962 2736 1170 2811 οίροαρτείροατα
1190 2739 1258 2799 ἐπε-

164 2848 284 2922 θύμησε.
331 2845 507 2930 Exspectari
536 2850 670 2927 poterat:
702 2882 747 2890 —
770 2843 951 2927 ἐπεθύμησε,
984 2846 1058 2909 οὐδὲν
1087 2848 1257 2924 θαυμαστὸν

165 2957 296 3039 ἔπραξεν.
343 2957 440 3020 Paulo
470 2957 530 3018 iam
563 2955 670 3018 melior
700 2955 808 3017 fnisset
835 2956 985 3018 sententia
1008 2956 1131 3019 remotis
1155 2957 1256 3021 verbis

164 3071 211 3135 δια
233 3073 273 3136 τόν
297 3069 414 3148 πρόσθεν
437 3068 650 3147 οίροαρτηριατα.

208 3181 280 3246 όίστε
310 3181 381 3258 μηδὲ
411 3179 517 3244 τούτων
548 3179 578 3262 (i.
603 3201 628 3242 e.
652 3183 707 3241 τῶν
731 3178 849 3261 παίδων)
873 3175 958 3241 ἕνεκα
981 3179 1079 3258 ἐτέρας
1104 3181 1254 3252 πολιτείας

163 3294 338 3369 ἐπιθυμῆσαι
361 3292 418 3355 δια
440 3291 485 3354 τόν
509 3290 655 3369 πρόσθεν
680 3288 940 3368 ἁμαρτήματα.
980 3288 1089 3381 Inepta
1109 3297 1183 3352 sunt
1203 3312 1255 3375 po·

164 3412 275 3468 strema
299 3411 430 3486 quatuor
453 3400 610 3467 vocabula.

208 3517 225 3600 ᾧ
249 3518 277 3578 5.
314 3518 341 3579 ἕν
361 3521 419 3585 τοῖς
440 3512 613 3594 προίγροασιν
625 3509 753 3593 Ιἐκείνοις.
786 3508 818 3572 Si
839 3511 871 3572 in
884 3510 1091 3594 superioribus
1104 3512 1253 3596 scriptum

164 3633 241 3690 esset
263 3628 298 3696 ὡς
322 3625 437 3695 πολλόος
460 3624 558 3703 οίρχόος
582 3617 661 3701 ἦρξεν
685 3620 740 3684 ε’πί
764 3626 827 3684 τῶν
851 3621 1082 3701 τετρακοσίων
1105 3621 1184 3685 nihil
1204 3621 1254 3686 de-

163 3738 334 3807 siderarem.
382 3735 475 3800 Nune
506 3757 574 3799 vero
606 3736 634 3798 ἐν
665 3741 724 3806 τοῖς
755 3732 928 3814 τρύγριασιν
951 3735 1062 3806 ἐκείνοις
1087 3735 1139 3818 (2
1163 3735 1192 3798 ἕν
1215 3743 1252 3815 τῇ

163 3850 230 3916 τότε
253 3850 397 3935 πολιτεία)
422 3847 551 3912 obseura
574 3855 655 3910 sunt.

207 3966 237 4027 ού
261 3962 319 4042 γόορ
342 3964 365 4025 οἱ
388 3965 485 4032 καλῶς
509 3958 648 4038 ν’ίρχονπες
672 3955 852 4037 προύδιθοσαν
875 3957 926 4029 την
949 3956 1049 4036 πόλιν,
1074 3958 1144 4018 αλλ’
1163 3958 1188 4019 οἱ
1208 3957 1250 4031 μη

162 4073 285 4143 δικαίως·
321 4072 476 4150 „Verum
510 4069 562 4133 sed
586 4070 656 4154 quis
679 4067 711 4130 id
735 4064 913 4130 doeendus?
936 4070 1032 4137 καλῶς
1057 4088 1072 4128 e
1096 4066 1251 4149 superiore

161 4184 283 4262 „fluxit
330 4183 459 4259 Sensus,
492 4186 545 4264 qui
573 4202 677 4263 saepe,
709 4182 761 4260 qui
789 4180 930 4256 multum,
961 4181 1014 4258 qui
1041 4179 1100 4239 θνα.
1147 4175 1251 4237 Possis

161 4295 359 4372 ,,πολλοίκις.”
405 4293 555 4356 Dobleus.
