2850 5024
609 113 669 177 127

128 319 213 403 §t
260 314 381 380 Nototu
403 313 533 398 dignum
556 320 616 390 est,
641 311 734 377 duces
753 333 848 376 novos
869 310 1022 399 upopulo
1041 310 1184 375 suffectos

71 445 165 494 esse
194 428 234 492 iis
267 426 321 512 qui
352 425 391 490 od
415 426 515 510 Aegos
538 422 682 488 Potamos
705 423 903 502 cecidissent,
928 423 1011 508 quod
1036 433 1184 508 quantum

73 538 164 603 seio
193 537 279 603 solus
309 536 417 623 Lysias
441 536 499 599 hoc
522 535 590 599 loco
613 535 730 600 indicet
751 543 782 599 et
804 535 843 600 ab
866 535 1012 601 historiae
1036 537 1188 621 scriptori-

72 642 159 712 bus
181 649 356 735 neglectum
379 654 434 712 est.
465 647 531 711 Hos
555 646 668 739 detulit
691 649 860 731 Agoratus3
885 647 923 712 cf.
950 651 1000 711 13.
1028 650 1078 713 18.

128 759 242 826 Plane
271 761 420 825 ¹assentior
450 748 566 823 Cobeto
597 759 629 823 in
660 759 752 844 longa
782 759 836 824 illa
866 759 1007 844 periodo,
1040 767 1188 846 quaeest

61 864 77 950 i
112 874 164 936 4
185 882 216 937 et
238 895 283 957 sq.
309 872 399 937 verba
420 872 627 952 όυςπυχοῦνπος
650 877 700 936 ποῦ
723 871 812 947 δήμου
833 895 897 935 esse
918 872 1087 937 omittenda
1105 871 1187 956 quod

59 975 269 1068 inpediant
292 983 484 1048 sententiam.
531 982 590 1046 Sed
617 982 745 1047 turbent
769 983 860 1047 etiam
883 984 1045 1069 participia
1067 984 1188 1066 λειφθείς

59 1094 85 1149 {i
165 1095 398 1172 ἀπελαυνόμενος
430 1117 508 1179 quae
539 1116 609 1158 cum
632 1095 766 1170 ἠθέλησεν
790 1096 894 1186 iuncta
917 1095 1068 1159 elumbem
1092 1101 1123 1159 et
1145 1094 1190 1158 in·

59 1209 285 1271 roncinnam
307 1208 425 1271 faciunt
448 1215 632 1272 structuram
643 1233 652 1284 3
677 1230 771 1291 quare
794 1217 864 1292 post
888 1208 1033 1273 πεόόεσόοιι
1054 1215 1130 1292 puto
1146 1207 1191 1270 i11-

59 1320 260 1397 erudisse
279 1319 391 1396 ἀλλά,
410 1327 446 1384 ut
461 1320 620 1405 primariae
637 1321 805 1385 sententiae
821 1328 923 1406 partes
940 1321 1018 1385 sint:
1035 1321 1063 1384 ε’ν
1075 1319 1191 1399 τοιούτῳ

59 1435 192 1511 steps]
213 1432 334 1512 λκΦόεός
356 1469 417 1513 -,
438 1433 488 1495 οὐκ
510 1431 744 1505 ἀπελαυνόμενος
760 1434 814 1515 (z
830 1434 879 1497 οὐκ
895 1432 1104 1515 ἀναγκασθείς)
1119 1432 1191 1495 ἀλλ’

59 1521 170 1604 ἷῖὂυ
184 1547 239 1607 πῶν
254 1541 406 1623 πριάκονποο
422 1542 570 1619 γενέσθαι,
587 1547 704 1620 μάλλον
715 1541 806 1609 εἵλετο
817 1545 977 1609 ἀπολέσθαι
989 1548 1005 1619 ἢ
1018 1543 1122 1608 ε’πιόεῖν
1131 1571 1191 1622 -;

59 1655 186 1722 quae
208 1652 352 1738 periodus
377 1653 509 1717 rotunda
533 1662 579 1718 est
603 1663 633 1718 et
657 1655 797 1719 oratoria.
835 1653 930 1718 Vides
953 1656 996 1719 sic
1020 1655 1111 1719 etism
1134 1678 1193 1719 me-

64 1751 427 1842 humectationem
452 1773 482 1829 et
505 1765 567 1842 ἐξόν
590 1767 670 1830 inter
694 1789 726 1830 se
749 1767 881 1851 opponi,
907 1789 999 1851 quam
1018 1767 1050 1830 in
1072 1767 1195 1851 vulgata

77 1861 240 1939 tectione
262 1876 392 1960 priorem
417 1878 578 1962 posteriori
602 1877 779 1942 sententiae.

155 1986 211 2051 οὐδ’
242 1987 314 2057 ἰδίας
345 1989 452 2068 ἔχόροος
486 1990 672 2070 ὑπαρχούσας
696 1989 764 2070 πρὸς
798 1989 862 2061 ποὺς
891 1987 986 2070 ἀμξειν
1012 1989 1195 2068 μέλλοντας,

110 2105 221 2184 nempe
245 2122 312 2164 οιιιιι
333 2105 408 2185 ipso.
457 2099 637 2184 Legendum
660 2099 816 2181 συνάρξειν.

158 2212 175 2294 ᾧ
199 2211 227 2274 7.
274 2211 430 2293 συνῄδεσαν
453 2212 512 2292 γάρ
537 2209 647 2277 ἀπασιν
671 2215 768 2285 αὐτοῖς
793 2213 847 2278 ὑπὸ
870 2223 922 2289 πῆς
944 2213 1054 2283 πόλεως
1068 2211 1196 2289 τιμωμέ-

120 2340 186 2397 νοις,
217 2321 266 2385 καὶ
288 2360 333 2372 -
355 2325 589 2404 κεκινδυνευκόσι,
622 2325 765 2401 μεγάλας
798 2326 821 2388 δ’
846 2326 978 2407 εἶςΦοράς
1011 2324 1198 2404 εἰςενννοχόσι

118 2435 164 2497 καὶ
187 2435 504 2514 λελειπουρνκκόσι
528 2435 696 2517 κάλλισπα,
717 2435 766 2498 καὶ
787 2443 842 2499 πῶν
859 2435 958 2500 ἀλλιον
970 2436 1077 2507 οὐδενός
1089 2434 1199 2499 πώποτ’

114 2533 297 2619 ἀποσπάοιν,
322 2541 357 2610 ἀν
382 2549 398 2620 ἡ
423 2545 506 2616 πόλις
530 2548 627 2617 αὐτοῖς
651 2544 840 2628 προςόποιξεν,
865 2547 949 2611 ἀλλά
967 2547 1115 2625 προθύμως
1132 2560 1201 2610 λει-

112 2663 276 2739 πουργοῡσι.
312 2656 350 2720 G.
376 2659 413 2722 A.
438 2657 584 2743 Hirsehig
617 2658 716 2742 (Miso.
748 2656 860 2721 Philol.
893 2664 923 2720 et
946 2657 1037 2721 Paed.
1062 2657 1133 2721 fasc.
1156 2656 1200 2720 ΙΙ.

111 2793 146 2856 p.
175 2771 248 2853 135)
271 2792 326 2854 pro
349 2770 597 2849 λελειπουογκκόσι
620 2770 842 2835 restituendum
867 2777 956 2856 putat
977 2769 1200 2850 κεχορνγνκόσι,

110 2889 270 2968 postrema
292 2903 354 2944 non
376 2891 507 2945 mutans
554 2881 684 2966 Propius
710 2904 778 2945 vero
803 2882 940 2959 videtur,
965 2881 1123 2947 librarium
1146 2880 1203 2943 fes-

111 2993 252 3056 tinenter
275 3000 457 3076 postremam
482 3013 585 3056 vocem
608 2993 778 3076 legentem,
804 3015 875 3057 cum
897 2999 1071 3074 λειτουργεῖν
1095 3014 1131 3055 ex
1154 3013 1203 3053 su·

112 3100 289 3191 perioribus
316 3103 348 3165 in
380 3103 524 3166 memoria
548 3103 701 3182 haereret,
726 3105 784 3167 hoc
807 3104 1002 3169 substituisse
1027 3127 1080 3188 pro
1104 3105 1204 3182 ὑπουρ-

112 3221 202 3296 γεῖν,
223 3220 259 3276 ut
279 3213 441 3298 legendum
460 3215 500 3278 sit
518 3205 563 3279 ἀὲι
580 3215 760 3293 ὑπουργοῦσι.
786 3214 832 3278 Ex
844 3224 1080 3280 AEITHOTPF.
1094 3213 1205 3276 omisso

114 3355 135 3392 v
168 3326 281 3390 foetum
313 3333 358 3388 est
387 3334 598 3391 AEITOTPF.
646 3325 716 3388 Alia
745 3326 913 3389 tentamina
936 3325 1023 3388 affert
1045 3323 1206 3388 Scheibius

114 3440 154 3502 in
185 3436 284 3500 Praei.
317 3436 450 3501 Cobetus
481 3437 539 3501 tria
566 3444 718 3526 postrema
741 3437 888 3500 vocabula
911 3437 1009 3500 eiecit.
1055 3435 1206 3519 Equidem

116 3547 238 3614 nollem
269 3548 381 3612 abesse.
429 3547 557 3635 Saepius
588 3548 695 3633 Lysias
727 3572 763 3612 en
794 3549 984 3633 oppositione
1014 3548 1207 3611 affirmativae

120 3662 293 3725 sententiae
324 3670 394 3745 post
424 3660 596 3744 negativam
627 3661 804 3745 gravitatem
833 3658 986 3743 quandam
1018 3657 1208 3723 asseverandi

121 3773 245 3857 quaerit
268 3772 318 3855 (cf.
344 3771 382 3834 ad
406 3793 449 3835 or.
477 3774 538 3856 13).
575 3769 640 3835 Nec
660 3771 762 3847 obest,
788 3769 870 3854 quod
887 3791 1027 3854 praesens
1043 3776 1112 3853 post
1127 3790 1210 3852 pree-

121 3883 216 3947 terita
240 3885 381 3971 sequitur
403 3883 451 3967 (cf.
477 3887 506 3947 3.
533 3887 586 3967 23)
611 3892 641 3946 et
658 3906 692 3946 ex
709 3903 882 3967 praegresso
900 3881 1006 3952 οὐδενός
1023 3878 1209 3943 contrarium

122 3994 229 4059 πόντοι
254 3994 436 4078 cogitatione
460 3993 633 4057 addendum
657 4001 711 4057 est.

172 4110 189 4192 t
214 4109 263 4170 13.
310 4105 465 4183 ἡγούμενος
495 4105 573 4185 αὑπῷ
601 4105 694 4178 καλὴν
725 4100 796 4167 εἶναι
826 4104 878 4178 τὴν
900 4100 1045 4178 ἀπόδειξιν
1068 4101 1117 4167 not
1142 4099 1210 4179 πρός
