2850 5024
600 367 659 467 ltp

66 596 168 642 nunc
205 598 327 640 causam
360 576 550 653 παρανόμων,
582 595 681 657 neque
712 595 797 636 reum
824 595 888 636 esse
911 571 1108 649 Poliochum,
1136 579 1170 636 ut

67 687 222 772 plerique
246 687 362 772 opinati
382 685 454 750 olim
474 685 536 749 sint
554 685 749 768 interpretes,
767 683 820 746 sed
836 690 1051 748 accusatorem.
1076 683 1172 760 Totus

65 798 232 863 orationis
260 798 343 862 color
374 820 436 860 non
466 796 608 860 convenit
631 794 835 882 accusationi,
860 794 913 858 sed
937 795 1106 860 defensioni
1128 805 1173 861 est

62 911 272 994 aptissimus.
309 909 396 989 Quae
420 931 515 992 quum
538 909 581 970 ita
605 907 680 983 sint,
707 905 790 991 quod
813 909 830 992 p
852 910 891 971 14
916 907 1030 992 legitur
1048 909 1174 990 παρανί-

56 1044 137 1100 μων
171 1021 336 1105 φεύγοντος
362 1026 413 1085 τοῦ
436 1023 524 1085 αὐτοῦ
548 1016 644 1098 ἀνδρός
669 1018 759 1083 debet
781 1041 844 1082 non
868 1018 987 1083 dehoc
1011 1019 1064 1084 sed
1088 1045 1175 1106 supe-

54 1132 158 1196 riore
196 1132 311 1198 iudicio
334 1132 482 1216 intellegi.
530 1133 558 1194 A
589 1131 735 1195 Poliocho
762 1138 834 1222 'tum
864 1131 980 1195 mulcta
1003 1133 1087 1197 mille
1110 1133 1176 1197 dra-

54 1241 245 1309 chmarum
278 1253 383 1308 exacta
406 1253 470 1307 erat
493 1253 657 1329 postquam
680 1251 871 1326 1111μραφῇ
897 1245 1072 1322 παρανόμων
1094 1245 1176 1308 dam-

55 1360 177 1418 natus
203 1356 312 1441 (Meier
336 1365 366 1420 et
389 1355 597 1432 Schoemann,
621 1357 688 1419 Att.
712 1355 800 1418 Proe.
826 1378 855 1439 p,
882 1358 967 1439 286).
1015 1356 1080 1420 Iam
1106 1380 1175 1421 vero

58 1463 117 1528 bis
153 1469 289 1533 eandem
307 1468 397 1554 plane
412 1492 475 1533 rem
490 1470 523 1532 in
538 1468 686 1532 iudicium
704 1466 850 1532 detulisse
867 1467 1064 1545 Poliochum,
1083 1492 1177 1553 quum

16 1562 20 1567 ’
58 1581 267 1659 praesertim
296 1580 395 1664 priore
419 1579 647 1664 opportunitate
671 1585 749 1642 esset
773 1578 953 1657 damnatus,
980 1602 1087 1665 parum
1110 1603 1177 1666 pro-

60 1684 190 1755 babile
214 1698 270 1755 est.
317 1691 460 1775 Suspicor
484 1691 579 1774 igitur
602 1690 685 1774 prius
709 1688 796 1753 illum
819 1691 929 1758 ,tulisse
953 1690 1070 1775 aliquid
1094 1693 1176 1775 quod

65 1814 151 1862 uon
176 1803 358 1866 nominatim
381 1803 414 1865 in
437 1802 578 1865 Euoratis
600 1801 679 1864 filios
695 1802 898 1865 constitutum
916 1809 1008 1880 esset,
1027 1803 1079 1866 sed
1095 1804 1178 1887 quod

69 1904 116 1970 ²11
154 1914 257 1997 plures
281 1916 463 1999 pertineret,
488 1915 541 1998 qni
565 1913 622 1976 sub
645 1914 772 1997 triginta
795 1915 867 1977 viris
891 1915 1027 1978 damnati
1049 1915 1179 1979 fuissent

72 2027 144 2082 aut
168 2027 339 2110 proscripti.

129 2130 289 2200 Iudicium
323 2136 360 2199 dc
392 2137 508 2199 ratione
541 2144 571 2198 et
604 2112 714 2199 natura
745 2157 854 2198 causae
885 2141 984 2199 totum
1008 2138 1121 2221 pendet
1145 2162 1180 2202 ex

10 2244 13 2253 '
75 2239 92 2320 1
125 2245 189 2312 14:
222 2249 332 2320 πάντες
356 2248 415 2328 γὰρ
439 2248 561 2312 είσσνσαι
586 2248 622 2331 (11
647 2247 793 2310 Poliooho
817 2269 939 2311 causam
964 2248 1180 2315 adiudicaveri·

76 2349 147 2437 tis)
164 2357 204 2425 ὅτι
223 2360 291 2424 τότε
307 2359 360 2437 μὲν
374 2359 487 2438 χιλίαις
507 2359 657 2438 δραχμαῖς
677 2357 857 2438 ἐζημιώσατε
874 2358 922 2422 τὸν
937 2359 1112 2437 βσυλίμενσν
1127 2365 1179 2428 σὺν

77 2462 236 2554 ἡμετέραν
264 2480 320 2548 γῆν
349 2470 484 2546 δημοσίαν
514 2479 630 2545 ποιησαι
662 2470 716 2534 νυνὶ
750 2471 779 2533 δὲ
806 2471 929 2536 κελεύων
952 2472 1093 2550 δημεῦσαι
1116 2475 1183 2549 νενίς

76 2594 171 2646 κἧκε.
220 2583 304 2646 Haec
334 2583 449 2647 nullam
481 2583 614 2646 offerunt
645 2581 873 2660 difficultatem
900 2583 960 2646 iam
984 2583 1035 2646 alii
1059 2592 1181 2648 annota-

75 2700 204 2758 verunt
231 2696 355 2769 νενίκηκε
378 2696 488 2772 etiam,
514 2693 774 2778 quemadmodum
798 2693 977 2774 ἐζημιώσατε
1002 2717 1181 2779 suspensum

73 2811 157 2864 ⁶⁸8⁶
183 2807 221 2872 ab
244 2807 362 2872 είσεσίε.
409 2807 504 2871 Ρο110
535 2806 663 2869 11111111
693 2813 763 2869 ante
786 2807 910 2870 κελεύων
933 2828 994 2869 non
1018 2827 1095 2890 opus
1119 2815 1165 2870 est
1172 2835 1181 2884 3

69 2906 266 2983 subiectum
297 2921 378 2982 enim
410 2928 479 2982 ante
509 2920 648 3000 νενίκηκε,
683 2919 732 2982 cui
763 2918 885 2982 κελεύων
917 2926 962 2981 est
990 2919 1180 3002 appositum,

65 3029 261 3095 assumitur
292 3054 327 3094 ex
359 3031 457 3095 verbis
487 3031 535 3096 τὸν
557 3030 748 3107 βσυλίμενσνς
781 3029 904 3092 futurus
928 3035 992 3092 erat
1015 3029 1064 3093 hic
1089 3029 1183 3094 homi·

61 3139 164 3198 num
193 3164 306 3206 sermo:
331 3143 557 3219 „Athenienses
574 3141 648 3205 olim
663 3140 872 3224 multaverunt
888 3163 955 3204 eum
974 3141 1027 3223 qui
1043 3140 1183 3206 Euoratis

55 3231 198 3316 »bona
233 3255 383 3339 publicari
417 3255 525 3329 iussit,
561 3276 643 3316 1110
678 3252 727 3315 1110
759 3253 792 3315 in
824 3252 929 3315 eadem
959 3275 1050 3316 causa
1080 3254 1183 3319 vicit.”

54 3336 258 3437 superiore
282 3365 440 3448 rogatione
457 3388 518 3428 non
536 3365 658 3428 tantum
674 3363 815 3427 Euoratis
832 3364 888 3428 filii
905 3365 958 3429 sed
975 3366 1028 3429 alii
1043 3387 1183 3450 quoque,

50 3459 96 3516 ¹¹¹2
150 3477 334 3562 suspicatus
366 3499 451 3553 sum,
484 3476 666 3562 petebantur
673 3502 682 3552 3
715 3474 768 3538 sed
801 3498 862 3558 quo
886 3475 1035 3540 efficacius
1059 3485 1184 3560 quanto·

49 3581 158 3642 pere
200 3588 331 3652 alterum
362 3587 512 3652 indicium
545 3610 613 3650 cum
642 3587 742 3671 priore
765 3595 917 3671 pugnaret
941 3587 1099 3665 ostendat,
1124 3589 1184 3651 illis

50 3688 198 3763 verbis
222 3699 270 3764 τὸν
293 3700 467 3777 βουλόμενον
493 3738 538 3747 --
560 3707 676 3773 ποιησαι
700 3697 890 3760 voluntatem
912 3697 1052 3761 Poliochi
1073 3699 1105 3762 in
1121 3723 1186 3784 pse-

50 3781 251 3874 Phismate
274 3811 410 3895 rogando
440 3811 587 3874 invidiose
612 3809 768 3894 designat:
794 3807 882 3871 illum
906 3810 958 3892 qui
982 3811 1185 3895 psephismate

54 3895 178 3983 nihil
203 3904 312 3986 voluit
326 3920 411 3985 aliud
436 3944 527 4006 quam
542 3928 682 3984 nostrum
698 3918 917 4004 patrimonium
934 3921 1047 3983 aerario
1064 3920 1185 3984 donare.

56 4001 207 4098 Leetio
232 4042 335 4098 autem
359 4033 508 4097 librorum
532 4032 671 4113 ἐζημίωσε
695 4038 775 4092 stare
798 4051 860 4092 non
884 4039 1002 4114 potest,
1028 4033 1069 4109 si,
1088 4032 1187 4095 11111-
1218 4028 1220 4033 ’

66 4137 286 4222 monstravi,
325 4146 424 4230 priore
456 4145 685 4229 opportunitate
715 4141 880 4204 Poliochus
911 4164 990 4220 non,
1030 4150 1063 4206 ut
1094 4143 1186 4228 vulgo

75 4251 231 4334 1111111,
258 4258 376 4337 γραφὴν
400 4255 573 4338 παρανόμων
597 4254 748 4330 instituit,
774 4253 827 4316 sed
850 4255 914 4339 ipse
938 4277 972 4317 ea
995 4255 1108 4339 petitus
1132 4263 1186 4319 est.

86 4340 254 4431 Maiorem
284 4367 494 4432 difficultatem
525 4375 648 4432 movent
671 4365 844 4448 sequentia:
868 4365 917 4429 καὶ
941 4366 1002 4446 περὶ
1026 4367 1131 4430 τούτων
1155 4367 1187 4441 δὴ
