2850 5024
675 392 738 454 155

162 592 397 670 Ανολοολιοίιιο,
431 588 673 667 Protomaohus,
709 589 894 674 Thrasylus,
927 590 1125 672 Aristogenes
1157 585 1252 669 (Hell.

163 703 190 766 Ι.
217 705 246 764 5.
274 705 338 771 16).
385 701 432 765 Ex
462 701 510 764 his
534 707 603 784 post
626 698 777 783 proelium
802 700 910 763 navale
934 699 972 762 ad
995 698 1167 781 Mytilenen
1192 719 1255 781 ges-

163 819 232 877 tum
254 812 341 876 Leon
365 834 435 875 cum
459 811 585 875 Conone
606 819 637 875 et
657 809 818 874 Erasinide
835 810 868 873 in
890 816 1015 893 portum
1033 807 1254 892 Mytilenaeum

164 922 364 1007 confugiunt,
390 921 445 984 ubi
465 944 483 984 a
501 921 697 985 Callicratide
718 920 899 984 obsidentur
919 918 956 1002 (I.
977 922 1006 981 6.
1024 921 1085 1002 16).
1110 918 1256 1001 Reliquos

165 1039 283 1116 septem
314 1032 473 1116 probabile
504 1039 549 1095 est
582 1031 771 1116 expeditioni
802 1053 930 1115 propere
962 1029 1053 1093 domo
1084 1029 1194 1093 missae
1218 1027 1256 1091 ad

165 1142 359 1206 liberandum
391 1142 550 1207 Cononem
574 1142 752 1226 praefuisse.
797 1140 857 1204 Sed
882 1140 964 1204 Hell.
990 1139 1017 1203 Ι.
1043 1141 1071 1201 6.
1099 1141 1139 1202 29
1165 1138 1257 1202 duces

165 1253 204 1316 ad
230 1253 400 1335 Arginusas
421 1259 631 1315 memorantur
650 1253 872 1326 Aristocrates,
894 1250 1085 1327 Diomedon,
1106 1249 1257 1326 Pericles,

165 1365 362 1442 Erecthides,
398 1362 636 1439 Protomachus,
669 1361 852 1446 Thrasylus,
885 1363 1014 1442 Lysias,
1041 1360 1257 1443 AristogeneS‚

166 1472 219 1536 ubi
237 1472 384 1535 omissum
401 1470 483 1534 vides
498 1471 750 1548 Archestratum,
769 1477 960 1555 praesentem
980 1469 1188 1546 Erasinidem‚
1206 1469 1259 1552 qui

165 1582 307 1646 obsessus
343 1583 441 1645 fuerat
477 1582 654 1666 Mytilenae.
691 1581 808 1646 Verum
840 1582 866 1644 si
898 1582 1119 1664 comparaveris
1149 1579 1259 1664 Lysiae

166 1691 259 1756 verba
289 1694 365 1776 58,
397 1693 471 1755 haec
495 1691 659 1756 difficultas
684 1700 852 1756 evanescet.
889 1691 1027 1766 Ἐσειδη,
1051 1691 1170 1773 inquit,
1196 1692 1260 1762 τοὺς

170 1806 253 1881 μετὰ
283 1802 436 1883 Θονσύλον
468 1802 538 1867 δέκα
569 1801 694 1880 εἵλεσθε,
729 1800 803 1867 οὗτοι
829 1803 939 1872 πάντες
964 1801 1112 1878 ἐβούλοντ’
1136 1799 1183 1864 ἐπὶ
1208 1807 1260 1873 τῆς

167 1915 240 1991 ἐμῆς
265 1915 331 1984 νεὼς
355 1921 459 1987 πλεῖν,
479 1911 571 1989 οὶνέβη
596 1914 693 1988 μέντοι
715 1912 934 1992 Ἀρχέστρατος
958 1913 971 1974 ὁ
995 1911 1157 1991 Φρεοὶρῤιος·
1182 1911 1262 1973 οἰσο-

167 2023 329 2094 θοινόντος
361 2023 394 2086 δὲ
425 2023 548 2087 τούτου
579 2026 612 2087 ἐν
638 2023 820 2103 Μυτιλήνη
843 2020 1056 2102 Ἐρασινίδης
1080 2019 1156 2098 μετ’
1180 2021 1263 2095 ἐμοῦ

168 2133 349 2199 συνέπλει.
396 2133 509 2198 Emisit
533 2134 703 2198 secundum
727 2124 966 2218 Xenophontem
989 2129 1026 2214 (Ι.
1054 2134 1082 2194 6.
1110 2132 1162 2213 19)
1187 2129 1264 2192 duas

169 2266 261 2307 naves
282 2243 408 2320 Conon,
434 2265 564 2327 quarum
588 2244 683 2307 altera
707 2244 837 2308 feliciter
861 2243 973 2319 evasit,
1000 2249 1030 2305 et
1053 2241 1202 2305 nuncium
1227 2240 1265 2303 de

170 2354 331 2418 obsidione
362 2354 500 2417 Athenas
524 2354 639 2417 attulit.
687 2353 781 2433 Quod
805 2355 830 2417 si
854 2354 1044 2438 copulaveris
1068 2374 1138 2416 cum
1155 2349 1264 2435 Lysiae

170 2464 288 2542 verbis,
306 2463 465 2548 apparebit
482 2463 716 2526 Archestratum
733 2486 809 2526 nave
829 2464 958 2527 oratoris
979 2472 1101 2526 vectum
1114 2462 1147 2524 in
1158 2483 1264 2544 pugna

171 2573 358 2658 Mytilenaea
379 2572 541 2649 cecidisse,
560 2580 667 2656 postea
687 2572 880 2636 Erasinidem
900 2573 998 2649 hanc,
1016 2580 1125 2657 utpote
1146 2573 1264 2636 celerri-

169 2707 268 2763 mam,
294 2683 508 2747 conscendisse
533 2705 630 2766 eaque
653 2683 784 2747 feliciter
805 2683 945 2746 evasisse.
981 2682 1031 2745 Ita
1048 2682 1264 2766 Xenophontis

170 2794 336 2863 auctoritas
368 2794 488 2878 egregie
520 2792 714 2870 defenditur,
740 2815 840 2876 neque
864 2793 922 2856 erit
945 2815 999 2856 cur
1022 2792 1048 2856 I.
1075 2794 1105 2855 6.
1134 2796 1190 2856 16:
1216 2794 1265 2858 κιο)

170 2905 360 2986 casapetra
385 2905 409 2987 (i
433 2904 538 2987 Κόνων)
561 2905 601 2974 εἷς
625 2905 797 2978 Μυτιλήνην
821 2911 874 2976 της
899 2901 1018 2979 Λέσβον
1041 2903 1091 2966 acl
1115 2903 1166 2968 σὺν
1186 2908 1266 2986 αὐτῷ

170 3022 226 3081 τῶν
249 3015 319 3080 δέκοι
342 3020 516 3095 στροιτηγῶν
538 3015 619 3080 Λέων
642 3013 691 3076 κιο)
713 3012 892 3093 Ἐροισινβης
917 3012 1008 3076 verba
1030 3013 1090 3076 tria
1111 3019 1266 3097 postrema

171 3148 242 3190 cum
273 3126 380 3190 multis
410 3124 579 3189 editoribus
604 3131 634 3187 et
657 3122 782 3186 Nabero
807 3123 969 3207 (Mnemos.
995 3122 1029 3201 I,
1054 3147 1084 3208 p.
1111 3125 1187 3209 230)
1211 3125 1267 3189 du·

171 3239 239 3302 biae
263 3237 456 3302 auctoritatis
479 3243 635 3321 putemus.
681 3233 762 3298 Nam
784 3234 868 3319 quod
886 3233 1013 3298 Leontis
1035 3256 1145 3299 nomen
1167 3258 1267 3299 errore

171 3350 328 3434 irrepsisse
351 3355 463 3432 putant
487 3354 518 3408 et
540 3346 599 3408 hoc
622 3344 690 3409 loco
711 3353 741 3408 et
760 3345 786 3408 Ι.
810 3348 839 3408 5.
865 3347 903 3408 16
926 3367 982 3428 pro
1004 3347 1120 3428 Lysiae
1138 3345 1186 3408 vel
1207 3347 1267 3429 [ηι-

171 3465 276 3524 saniae
298 3480 409 3542 parum
432 3456 659 3544 probabilitatis
684 3457 795 3533 habet;
820 3479 929 3540 parurn
954 3457 1034 3520 enim
1059 3458 1201 3521 convenit
1222 3458 1267 3522 in·

172 3578 218 3632 ter
246 3578 417 3635 ΛΕΟΝΤΑ
450 3575 480 3632 et
510 3577 681 3643 ATclAN3
713 3576 743 3630 et
774 3567 856 3630 idem
886 3568 995 3631 vitium
1028 3568 1107 3631 forte
1136 3576 1267 3653 utroque

171 3681 238 3743 loco
270 3703 287 3742 a
315 3679 446 3743 librariis
478 3677 672 3742 commissum
697 3700 763 3741 esse
785 3678 847 3740 nisi
871 3686 1007 3741 statuere
1032 3677 1142 3756 velles,
1168 3680 1266 3762 ipsius

172 3790 327 3874 scriptoris
362 3789 557 3874 neglegentia
592 3789 671 3851 foret
700 3786 879 3851 incusanda.
927 3787 987 3851 Sed
1021 3787 1101 3851 nihil
1131 3811 1263 3854 necesse.

172 3899 257 3962 Leon
289 3898 352 3961 dux
383 3905 502 3962 creatus
536 3903 582 3960 est
605 3897 642 3979 (Ι.
670 3899 698 3958 5.
727 3899 797 3980 16),
823 3903 853 3960 et
876 3897 1018 3961 obsessus
1043 3920 1113 3961 cum
1138 3896 1265 3964 Conone

172 4008 210 4091 (I.
235 4011 265 4071 6.
293 4010 363 4092 16);
395 4008 503 4092 Lysias
527 4008 558 4071 in
585 4008 649 4070 eius
674 4008 775 4070 locum
800 4007 985 4072 substitutus
1010 4008 1161 4093 proelium
1185 4033 1265 4075 com·

172 4119 268 4182 mittit
285 4118 324 4180 ad
342 4118 512 4202 Arginusas
530 4116 566 4200 (Ι.
588 4119 617 4181 6.
637 4119 707 4199 29),
720 4118 746 4179 is
759 4139 883 4181 causam
896 4117 971 4182 dicit
983 4119 1115 4182 Athenis
1129 4118 1171 4204 (I.
1188 4123 1215 4184 7.
1233 4124 1263 4205 1)

173 4236 204 4292 et
232 4229 396 4292 damnatus
424 4229 617 4291 interficitur.
665 4226 767 4311 igitur
790 4225 877 4292 Leon
900 4229 932 4290 in
956 4228 1115 4293 obsidione
1140 4253 1265 4311 caesus,

172 4342 205 4405 in
229 4341 355 4423 eiusque
379 4339 481 4403 locum
506 4337 615 4427 Lysias
639 4337 828 4403 substitutus
852 4340 991 4418 videtur,
1016 4342 1100 4424 quod
1123 4365 1141 4406 a
1164 4342 1267 4415 Xeno·
