2850 5024
676 400 736 461 131

159 603 248 668 λεπὸν
275 604 328 681 μὲν
350 601 411 683 οὖν,
436 602 539 686 inquit
562 610 685 677 orator,
709 601 918 675 ἀπολογείσθαι
942 600 1009 678 πρὸς
1032 599 1137 663 σπνίννν
1160 601 1251 678 aaa·

162 715 232 792 ρίνν,
257 712 283 788 ἣ
298 721 346 779 νῦν
369 717 446 779 ἐστιν
470 717 499 777 ἕν
523 724 560 794 τῇ
583 714 682 793 πόλει,
707 713 756 776 καί
781 718 831 776 τοῦ
851 713 962 788 ἀγῶνος
983 713 1052 790 πρὸς
1071 710 1104 774 τὸ
1119 711 1273 822 δημόσιον.

163 823 247 896 ὄντος.
294 825 395 910 Igitur
426 825 491 888 fieri
519 834 637 909 potest,
663 832 697 887 ut
721 823 853 899 iudiceS,
878 823 990 907 quibus
1012 845 1131 899 „uuum
1155 822 1252 906 opus”

163 944 241 998 esset
271 937 420 1000 aerarium
453 958 506 1020 per
535 936 648 1000 iudicia
678 935 882 1019 locupletare,
919 933 1039 997 facilius
1075 941 1253 1018 argumenta

162 1068 281 1110 reorum
313 1046 452 1131 vulgaria
482 1047 670 1130 perceperint
703 1068 793 1130 quam
817 1068 890 1122 noa,
916 1045 1027 1128 quibus
1051 1045 1133 1108 furta
1157 1053 1187 1108 et
1209 1068 1254 1108 ra-

161 1158 251 1242 pinae
283 1157 340 1241 sub
371 1158 469 1242 specie
496 1158 571 1220 iuris
595 1158 755 1221 commissa
779 1179 837 1220 usu
861 1164 934 1219 nota
957 1179 1019 1219 uon
1044 1157 1106 1219 sint
1114 1183 1122 1232 3
1147 1179 1254 1220 verun-

162 1276 264 1332 tamen
288 1275 469 1352 argumenta
492 1290 552 1330 nou
578 1275 641 1330 tam
663 1266 813 1330 brevitate
838 1267 966 1330 obscura
991 1275 1064 1329 sunt·
1082 1269 1173 1349 (quae
1190 1267 1251 1331 bre·

162 1381 259 1457 vitas,
276 1381 301 1442 si
319 1379 357 1442 ad
375 1400 489 1463 gnaros
506 1378 597 1442 verba
613 1379 710 1456 fiunt,
728 1379 819 1442 debet
834 1379 1013 1462 condonari)
1029 1401 1121 1463 quam
1137 1379 1255 1462 maguis

163 1491 345 1574 ambagibus
367 1490 511 1575 perplexa
517 1510 526 1568 ς
543 1491 748 1574 undecunque
765 1500 943 1574 argument-a
959 1491 1107 1574 arripiens
1124 1489 1254 1553 subinde

163 1603 246 1668 nihil
271 1603 380 1687 probat
403 1611 514 1666 orator.
562 1603 663 1666 Etiam
692 1625 752 1686 quo
777 1603 905 1667 consilio
929 1603 1051 1686 singula
1073 1603 1254 1678 afferantur,

162 1737 230 1779 non
254 1715 333 1779 clare
357 1715 501 1779 docemur
526 1715 575 1798 (de
600 1738 660 1800 quo
684 1716 759 1778 vitio
777 1717 814 1779 ef.
832 1739 922 1800 supra
939 1739 967 1799 p.
989 1719 1072 1799 119).
1097 1714 1137 1777 Et
1153 1723 1254 1777 tamen

162 1826 293 1904 iudicia,
319 1828 400 1891 unde
423 1828 599 1892 recentioris
622 1828 752 1891 rhetoris
776 1828 955 1892 declamatio
977 1835 1174 1911 agnoscatur,
1192 1846 1254 1888 uon

162 1939 374 2002 inveniuntur.
421 1939 481 2002 Res
510 1946 692 2003 memoratae
724 1962 793 2003 eum
823 1940 1040 2003 historicorum
1069 1935 1253 2000 testimoniis

164 2051 372 2128 conveniunt3
398 2051 572 2136 similesque
595 2052 684 2114 naevi
709 2050 782 2114 alibi
806 2073 928 2135 quoque
953 2050 1034 2135 apud
1054 2048 1177 2133 Lysiam
1193 2068 1253 2110 uon

166 2161 290 2224 desunt.
337 2161 446 2246 Itaque
470 2184 530 2225 non
555 2162 681 2240 dubita,
708 2163 782 2246 quin
805 2161 914 2246 Lysiae
931 2164 972 2225 sit
992 2162 1107 2238 oratio,
1125 2158 1178 2222 sed
1195 2181 1253 2222 non

167 2281 217 2336 cst
240 2272 355 2356 optima
377 2295 414 2336 ex
437 2271 582 2356 Lysiacis.

216 2381 370 2446 Sectioues
403 2386 487 2445 2-5
521 2382 559 2445 ad
586 2383 711 2446 verbum
735 2405 830 2466 paene
854 2384 1040 2447 conveniunt
1062 2405 1129 2446 cum
1155 2381 1257 2445 Ando-

169 2493 248 2557 cidis
277 2495 413 2556 oratione
442 2493 479 2556 de
503 2493 657 2578 Mysteriis
680 2494 697 2577 d
724 2496 817 2558 l-l.
864 2492 982 2556 Locum
1006 2516 1197 2557 communem
1221 2516 1257 2556 ex

168 2605 261 2685 πέχνιρ
283 2603 415 2690 quadam
439 2605 632 2690 depromtum
654 2605 744 2668 multi
768 2606 949 2690 interpretes
973 2613 1098 2689 putaut3
1123 2605 1176 2668 alii
1196 2608 1258 2667 An-

170 2714 311 2779 docidem
336 2718 473 2802 exemplo
497 2719 589 2781 fuisse
613 2716 738 2802 Lysiae;
763 2718 815 2780 alii
837 2718 989 2781 rhetorem
1013 2717 1182 2800 quendam,
1205 2717 1258 2800 qui

170 2827 341 2890 Andocidis
365 2851 475 2892 nomen
500 2830 733 2914 praeseferat,
756 2850 792 2891 en
811 2827 902 2912 Lysia
922 2829 1067 2892 hausisse.
1104 2829 1163 2892 Res
1184 2828 1257 2890 satis

169 2938 289 3002 lubrica
305 2946 359 3002 est.
390 2938 508 3023 Operae
524 2941 656 3024 pretium
672 2940 764 3003 fuerit
779 2948 944 3025 utrumque
960 2941 1061 3004 locum
1078 2939 1257 3003 describere.

394 3049 511 3135 Lysias.
905 3051 1088 3115 Andocides.

171 3163 266 3235 amau
289 3162 342 3238 μὲν
372 3159 418 3225 οὖν
436 3164 622 3242 παρασκευὴν
642 3166 690 3228 καί
740 3165 842 3236 1.Τίρν
872 3164 925 3238 μὲν
957 3163 1141 3241 παρασκευὴν
1169 3157 1258 3225 alclu-

217 3274 373 3348 προθυμίαν
399 3279 454 3336 τῶν
470 3275 576 3354 ἐχθρῶν
589 3276 690 3351 ὁρᾶτε,
784 3276 843 3355 δρες
870 3275 920 3338 καὶ
946 3276 996 3348 τὴν
1023 3275 1181 3354 προθυμίαν
1203 3279 1259 3337 πῶν

216 3384 264 3447 καί
303 3384 379 3447 οὐδὲν
419 3385 464 3448 δεῖ
489 3385 552 3463 περί
584 3387 691 3450 τούτων
783 3390 889 3468 ἐχθρῶν
918 3394 973 3451 πῶν
999 3389 1091 3463 ἐμῶν,
1115 3383 1182 3450 ὥστ’
1207 3383 1259 3460 ἐμὲ

216 3495 330 3570 λέγειν·
354 3497 406 3568 τὴν
425 3496 448 3558 δ’
464 3498 535 3569 ἒμίρν
555 3499 688 3573 νίπενρίαν
779 3505 874 3569 κακῶς
906 3506 993 3562 ποιεῖν
1014 3500 1047 3562 ἐν
1069 3497 1179 3566 παντὸς
1199 3497 1260 3574 πρό-

219 3603 327 3675 πνίνπες
354 3605 462 3682 ίσασνν,
491 3605 547 3672 ὅσα
576 3610 629 3686 ἐμὲ
650 3633 695 3686 γι·
784 3635 838 3674 παν
865 3610 915 3673 καί
945 3609 1058 3680 δικαίως
1083 3607 1132 3671 καί
1157 3607 1260 3677 ἀδίκως

217 3716 399 3791 γνώσαονπνν.
783 3719 815 3796 ἐξ
842 3723 936 3801 αρχῆς
961 3718 1057 3791 ἐπειδὴ
1081 3718 1206 3798 τάχιστ’
1229 3719 1262 3781 νί-

781 3833 909 3915 φνκόμνρν
934 3833 973 3902 είς
1004 3832 1056 3905 aiau
1082 3832 1165 3895 adata
1193 3855 1262 3892 παν-

771 3947 864 4028 ’πννί,
890 3943 994 4024 σχεδόν
1017 3969 1045 4007 ri
1070 3940 1178 4011 παίνπες
1203 3942 1263 4004 ε’πί·

783 4056 907 4130 σπανία,
945 4054 993 4117 καί
1023 4052 1099 4117 οὐδὲν
1127 4052 1171 4114 δεῖ
1198 4049 1261 4131 περὶ

783 4169 890 4232 παίπαν
915 4164 1040 4234 πολλοὺς
1073 4163 1178 4238 λόγους
1200 4184 1259 4225 πα-

225 4275 383 4349 αίπνίσνμαν
417 4273 463 4339 οὖν
490 4279 567 4354 ὑμᾶς
598 4277 696 4342 δίκαια
786 4279 892 4342 eludat·
918 4277 975 4351 ἐγὼ
995 4275 1019 4337 δ’
1039 4271 1059 4337 ὦ
1083 4272 1180 4353 ἄνδρες
1201 4272 1263 4344 δεή-

227 4385 275 4448 kal
299 4385 381 4468 Ιίρίδνα
407 4389 604 4468 χαρίσασθαι,
629 4388 697 4453 ἄνευ
787 4412 877 4466 σομαν
902 4388 978 4462 ὑμῶν
1004 4386 1104 4450 δίκαια
1126 4384 1174 4447 καί
1197 4386 1264 4462 ὑμῖν

1109 4498 1146 4555 9*
