2850 5024
608 369 669 430 109

95 568 132 630 lis
157 574 246 631 esset.
283 566 351 631 Imo
375 589 471 651 quum
496 565 621 630 vixdum
637 565 762 630 adultus
778 564 916 630 Athenas
932 566 1107 652 reliquisset
1121 591 1183 634 nou

96 678 200 764 potuit
229 679 261 742 iu
291 678 357 764 ipsa
383 679 458 744 urbe
481 701 593 743 nomen
615 678 743 743 militiae
767 677 839 742 dare
861 679 1077 763 (καταλεγῆναι
1099 681 1184 746 danl-

96 814 148 865 νης
174 791 192 877 A
216 791 247 875 7)
270 797 341 855 ante
365 788 543 867 Euclidem,
567 811 667 873 neque
690 795 760 854 ante
783 789 867 854 hunc
888 789 1028 876 ignaviae
1049 792 1185 876 (λιποτα-

95 898 165 985 ξίου)
189 900 304 966 crimen
326 901 497 978 incurrere,
521 899 605 985 quod
628 923 711 964 nunc
735 901 762 964 ei
783 900 936 966 obiicitur.
961 902 1075 968 Errant
1088 903 1185 988 igitur

96 1012 151 1095 qui
182 1019 293 1097 putent
322 1011 414 1096 paulo
446 1018 516 1096 post
539 1011 668 1095 triginta
691 1012 771 1075 viros
794 1012 937 1097 expulsos
960 1013 1039 1078 hanc
1062 1036 1182 1078 causam

99 1130 199 1187 actam
222 1145 297 1187 esse.

142 1233 228 1299 Huic
251 1233 389 1320 opinioni
412 1256 505 1319 quam
528 1233 659 1298 maxime
682 1235 781 1299 favere
807 1234 989 1299 videbantur
1010 1238 1110 1321 §det
1127 1238 1184 1312 13,

101 1346 150 1409 cui
174 1345 245 1410 addi
268 1347 387 1432 possint
410 1368 487 1430 quae
509 1349 527 1432 8
552 1350 592 1410 14
616 1347 775 1432 legantur,
800 1346 855 1411 ubi
877 1348 1011 1433 primum
1035 1346 1094 1411 hoc
1116 1354 1187 1432 post

99 1480 202 1542 pacem
226 1458 374 1522 iudicium
398 1458 435 1523 de
458 1459 581 1544 ignavia
603 1459 667 1522 fieri
691 1458 828 1543 dicatur,
853 1466 1043 1545 quapropter
1068 1459 1185 1522 iudices

99 1576 238 1654 oporteat
260 1578 402 1656 reputare
425 1592 456 1633 se
480 1560 570 1655 quasi
593 1570 781 1654 legislatores
805 1592 887 1647 esse;
918 1577 985 1634 tum
1009 1570 1084 1634 socii
1107 1592 1187 1633 com·

102 1686 323 1759 memorentur,
349 1682 403 1766 qui
426 1689 496 1766 post
519 1704 546 1744 a.
571 1683 634 1746 887
659 1681 739 1745 nulli
762 1681 824 1745 fere
847 1681 962 1746 fuerint
986 1681 1186 1766 (Hoelscher,

102 1815 130 1877 p.
164 1795 235 1878 84);
264 1816 355 1879 porro
386 1793 499 1857 milites
528 1792 680 1856 vulnerati
713 1801 767 1857 aut
801 1793 974 1877 indigentes
1009 1815 1063 1879 per
1097 1791 1188 1856 urbes
1314 1847 1316 1853 ,

104 1902 241 1990 dispersi.
287 1904 346 1969 Sed
378 1911 451 1968 sunt
480 1905 554 1968 haec
577 1904 652 1967 talia
675 1926 753 1988 quae
777 1904 869 1968 etiam
893 1904 945 1968 alii
967 1904 1098 1989 tempori
1120 1925 1190 1968 con·

105 2015 235 2079 veniant.
266 2015 399 2080 Tantum
423 2013 615 2100 intellegitur
636 2015 726 2092 haec,
749 2014 1002 2100 quampluribus
1018 2014 1093 2078 locis
1110 2021 1189 2079 esset

106 2133 273 2211 pugnatum
297 2126 420 2211 (milites
444 2127 526 2211 aegri
550 2127 679 2212 dispersi
704 2129 804 2211 sunt),
830 2134 902 2212 post
918 2133 1070 2191 recentem
1088 2149 1190 2213 pacem

103 2234 186 2301 dicta
217 2259 291 2302 esse.
338 2237 419 2301 Nam
453 2239 569 2316 socios,
609 2240 747 2323 quamvis
778 2261 908 2323 paucos,
940 2245 1042 2303 tamen
1069 2239 1189 2325 aliquos

101 2348 194 2413 etiam
217 2357 287 2434 post
310 2349 522 2413 Arrtalcideam
541 2372 648 2434 pacem
668 2349 822 2414 habebant
841 2350 1058 2429 Athenienses,
1080 2350 1118 2414 cf.
1136 2353 1189 2414 25.

99 2461 157 2524 19.
203 2461 362 2526 Praeterea
385 2484 421 2525 ex
443 2465 461 2548 d
485 2465 524 2525 19
549 2464 607 2542 οὐχ
628 2465 665 2534 ὡς
688 2461 887 2540 ἀπολουμένης
907 2471 959 2537 τῆς
975 2461 1100 2537 πόλεως,
1119 2458 1190 2525 ἀλλ’

87 2574 137 2645 ὥς
164 2573 357 2652 σωθησομένης
382 2573 492 2656 efficias
514 2574 613 2658 ipsam
637 2573 743 2657 urbem
767 2574 918 2657 praesenti
940 2573 1034 2637 fuisse
1054 2571 1191 2658 periculo

84 2685 289 2766 expositam3
326 2684 378 2748 sed
401 2685 483 2748 iusta
506 2685 570 2748 acie
593 2693 764 2770 pugnatum
795 2708 857 2748 non
881 2707 945 2748 esse
968 2684 1068 2769 palam
1092 2690 1136 2748 est
1155 2706 1192 2749 cx

77 2794 91 2876 d
145 2794 184 2856 5:
208 2787 397 2878 adgno'yclp
421 2795 555 2872 οὐδεμίαν
578 2795 738 2874 μεμονέναι.

142 2901 234 2970 Haec
268 2913 370 2970 tamen
402 2907 516 2991 optime
549 2908 639 2970 etiam
671 2905 709 2969 ad
741 2928 854 2969 annum
882 2907 946 2968 388
970 2905 1080 2968 referre
1103 2927 1191 2989 posse

67 3011 177 3079 milri
201 3016 317 3081 videor.
363 3015 494 3081 Nullum
518 3017 606 3081 facile
630 3017 802 3102 perieulum
817 3016 897 3081 inter
913 3015 1028 3081 bellum
1043 3015 1192 3100 Pelopon·

67 3123 261 3192 nesiacum
293 3133 323 3191 et
353 3126 613 3192 Chaeroneensem
644 3127 848 3192 calamitatem
872 3127 996 3213 propius
1019 3126 1193 3191 minabatur

65 3228 253 3316 Athenis,
286 3261 379 3322 quam
410 3239 529 3323 Aegina
558 3238 613 3301 illo
644 3260 724 3302 anno
748 3261 766 3302 a
787 3237 1037 3303 Lacedaemoniis
1061 3237 1192 3302 obsessa.

64 3335 175 3408 Inde
204 3348 348 3434 Spartani
372 3347 449 3413 duce
472 3348 621 3413 Eteonieo
638 3349 826 3433 egressiones
841 3349 994 3414 faciebant
1009 3350 1041 3412 in
1058 3348 1193 3412 Atticam

66 3451 100 3509 el
153 3458 190 3523 si
223 3458 300 3543 quid
331 3481 418 3522 secus
449 3458 608 3522 accidisset
638 3467 743 3522 tutum
766 3481 801 3522 eo
825 3459 978 3524 habebant
1002 3459 1192 3546 perfugium,

65 3553 418 3655 Lacedaemoniisque
441 3570 518 3633 mari
538 3569 769 3634 dominantibus
785 3568 1008 3654 impediebatur
1022 3578 1195 3635 mercatura

68 3666 209 3747 Attica
216 3709 226 3760 ;
253 3682 337 3768 quod
360 3682 387 3745 si
410 3681 512 3766 plures
536 3681 574 3744 iis
597 3681 727 3745 fuissent
750 3680 854 3765 copiae
870 3680 958 3744 facile
973 3681 1070 3765 ipsam
1086 3681 1195 3745 urbem

69 3794 346 3871 ⁰PPressissent3
378 3793 483 3857 classis
514 3799 595 3856 certe
618 3792 656 3856 ab
679 3791 919 3857 Atheniensibus
942 3792 1035 3855 missa
1058 3800 1123 3856 erat
1145 3791 1198 3854 ad·

72 3895 234 3970 mo(lum
266 3905 387 3989 exigua.
434 3904 548 3968 Decem
579 3903 717 3968 triremes
739 3904 882 3981 fuerunt,
907 3925 986 3987 quae
1009 3903 1142 3990 hoplitas
1166 3911 1197 3966 et

76 3996 217 4080 ducein
250 4015 448 4101 Pamphilum
477 4016 510 4079 in
540 4015 672 4080 insulam
700 4021 963 4100 transportarunt,
988 4022 1025 4079 ut
1047 4014 1197 4098 Aeginam

83 4105 295 4192 obsiderent.
342 4125 498 4210 Expositis
522 4125 671 4190 militibus
694 4148 785 4189 naves
809 4148 827 4188 a
848 4123 1097 4190 Lacedaemoniis
1112 4124 1198 4188 fusae

93 4239 202 4315 sunt3
228 4237 334 4322 copiae
356 4243 512 4302 terrestres
535 4236 655 4301 munito
670 4235 738 4300 loco
754 4235 893 4300 obsessae
907 4236 1010 4321 potius
1025 4236 1109 4321 ipsae
1125 4242 1198 4300 sunt

104 4356 204 4418 (luam
234 4348 435 4427 obsederunt,
467 4349 638 4432 quintoque
665 4372 766 4413 mense
789 4355 860 4434 post
882 4348 994 4412 infecta
1016 4371 1048 4411 re
1072 4348 1197 4413 domum
