2850 5024
722 367 786 426 234

209 561 286 624 buit.
335 560 435 645 Igitur
468 562 525 625 lroo
553 563 683 625 voluisse
708 562 829 625 videtur
852 570 954 624 orator
977 568 1098 623 noster:
1125 563 1175 625 sic
1201 562 1322 625 adhae-

208 671 317 735 rebant
346 674 547 757 patrimonio,
581 675 632 738 oui
662 673 765 736 omnia
795 680 882 755 grata
912 671 1099 747 referebant,
1131 682 1236 756 atque
1263 672 1322 736 alii

209 783 335 866 patriae.

251 893 269 976 b
294 895 345 956 14.
392 892 426 956 ίή
456 894 539 967 εἰδῆθ’
566 893 608 958 άτι
638 901 739 958 ταῦτα
768 900 878 971 πρῶτον
907 894 1000 967 άλήθῆ
1030 893 1127 968 λέγω,
1155 895 1318 958 άκοάσατε

207 1008 264 1066 τῶν
284 1003 444 1081 μαρτύρων.
482 1010 611 1082 Πρῶτον,
637 1003 737 1068 alieno
761 1002 829 1066 looo
853 1003 1003 1086 positum,
1029 1001 1212 1067 delendum.
1253 1004 1317 1066 Ex·

208 1111 288 1174 stitit
311 1113 438 1176 fortasse
461 1136 498 1176 er
521 1116 549 1176 A
573 1136 766 1197 praegresso,
791 1113 874 1197 quod
900 1135 953 1196 pro
976 1113 1097 1175 numeri
1120 1123 1200 1176 nota
1221 1113 1315 1178 habi-

208 1229 275 1285 tum
298 1222 349 1285 sit.

252 1333 269 1415 b
295 1335 344 1395 16.
391 1331 488 1397 Nulla
510 1357 602 1397 eausa
625 1345 672 1396 est
694 1356 749 1398 our
772 1335 884 1398 lacuna
904 1341 1058 1398 statuatur
1073 1343 1144 1418 port
1160 1333 1311 1412 ἐλέγχειν

207 1441 313 1512 αὐτόν,
339 1441 427 1504 ouius
451 1442 565 1506 indicia
587 1443 670 1527 apud
694 1443 846 1509 Cobetum
870 1467 942 1508 oasu
962 1467 997 1507 ex
1025 1442 1146 1507 Solreibi
1165 1443 1310 1505 editione

208 1550 307 1633 priore
337 1553 516 1615 remansisse
544 1562 630 1636 puto.
665 1553 808 1617 Proxima
824 1555 958 1617 sectione
973 1575 1036 1617 non
1051 1552 1168 1635 recepit
1185 1552 1309 1615 ooniac-

206 1667 290 1722 turas
321 1660 395 1724 olim
427 1662 597 1745 propositas
627 1661 712 1726 Orat.
746 1686 774 1747 p.
807 1666 866 1741 84,
892 1663 929 1726 V.
954 1662 990 1725 L.
1019 1665 1097 1725 lll:
1129 1659 1213 1731 οὗτος
1246 1660 1308 1723 τοί-

207 1793 254 1834 νυν
281 1773 338 1849 οίιχ
369 1768 445 1841 ὅπως
476 1773 641 1852 ὠφέλησε
664 1775 716 1846 τήν
739 1773 823 1837 πόλιν
842 1774 871 1835 ε’ν
889 1773 1005 1850 τοιούτῳ
1023 1775 1110 1850 καιρῷ
1137 1769 1200 1833 καί
1220 1771 1309 1832 άπσ-

207 1881 263 1960 ρίρι
292 1881 441 1959 τοιαύτῃ
470 1886 730 1964 καταστᾶσαν,
762 1883 846 1946 άλλά
878 1881 938 1945 καί
969 1881 1121 1959 κερδαίνειν
1152 1879 1214 1942 άπὸ
1247 1885 1307 1943 τῶν

210 1991 351 2066 ὑμετέραν
381 1997 535 2071 συμφορῶν
565 1992 824 2069 παρεσκευάσατο,
858 1999 888 2055 et
919 1990 986 2055 τότε
1009 1990 1063 2065 μὲν
1085 1989 1191 2066 αὐτός,
1217 1988 1306 2072 quod

210 2098 367 2182 probabile
390 2098 486 2162 videri
510 2121 598 2184 posse
622 2100 714 2176 dicit,
740 2123 846 2184 pror.
871 2126 905 2174 α.
931 2098 1019 2170 αὐτὸς
1042 2098 1136 2174 μόνος.
1184 2096 1231 2159 Ex
1255 2097 1305 2159 his

208 2207 325 2270 ultimis
350 2209 376 2271 si
400 2208 473 2290 quid
498 2209 703 2273 omittendum
728 2218 825 2286 esset,
850 2232 912 2273 non
932 2207 1306 2286 αόνος,εοι1αὐτίςυ1)ίὶ-

206 2316 351 2381 oiendum
374 2317 537 2382 videretur.
574 2319 610 2381 ln
635 2319 760 2402 reliquis
784 2319 910 2403 legerim
926 2322 1077 2400 ὠφελῆσαι
1094 2317 1213 2401 reliqua
1229 2340 1304 2380 oon·

207 2427 357 2504 st'tuens,
378 2428 465 2491 utin
485 2428 643 2492 codicibus
659 2436 748 2505 sunt,
766 2438 802 2492 ut
822 2429 897 2493 haeo
918 2429 962 2493 sio
973 2429 1142 2511 iungantur
1154 2429 1212 2506 οὐχ
1224 2425 1306 2500 ὅπως

205 2536 326 2611 διενοήθη
357 2539 527 2617 ὠφελῆσαι,
559 2539 643 2602 άλλά
674 2539 916 2615 παρεσκευάσατο
942 2535 1018 2608 ὅπως
1042 2563 1069 2601 τι
1093 2537 1241 2615 κερδανεῖ,
1268 2538 1304 2601 in

205 2644 319 2730 quibus
342 2645 423 2709 nihil
446 2655 492 2711 est
515 2647 666 2723 insolens,
697 2649 757 2711 uisi
781 2649 863 2731 quod
888 2657 958 2731 post
980 2650 1039 2728 οὐχ
1057 2645 1132 2718 ὅπως
1151 2653 1302 2727 (nortlan-

206 2765 266 2822 tum
289 2762 359 2830 κοκ)
390 2757 423 2820 in
447 2757 572 2842 apodosi
596 2779 659 2820 nou
682 2756 766 2821 άλλά
789 2756 856 2833 καί,
882 2757 935 2821 sed
960 2757 1089 2841 simplex
1112 2755 1197 2820 άλλά
1219 2756 1307 2820 inve·

204 2867 291 2931 nitur
322 2866 386 2949 (sed
418 2866 456 2930 of.
490 2869 542 2929 30.
577 2869 636 2943 26,
670 2865 757 2929 Dem.
791 2868 839 2929 19.
866 2868 942 2950 265)
956 2892 964 2942 ;
989 2873 1096 2928 eontra
1118 2866 1150 2928 in
1174 2865 1308 2949 vulgata

205 2977 337 3041 lectione
353 2977 498 3056 ὠφελήσει
515 2976 664 3060 impedita
680 2983 727 3039 est
743 2983 773 3038 et
789 2974 937 3059 languida
953 2974 1114 3038 verborum
1131 2975 1305 3038 cumulatio

207 3088 249 3169 (οὐ
272 3086 413 3160 διενοήθη,
437 3082 530 3163 ὅπως,
555 3123 600 3134 -
622 3085 706 3148 άλλά
730 3084 973 3163 παρεσκευάσατο
998 3083 1072 3154 ὅπως
1098 3085 1164 3166 -).

250 3196 343 3278 §ZL
390 3195 480 3270 ἐκείνη
512 3196 571 3275 γάρ
598 3193 690 3272 τούτῳ
712 3193 766 3271 μὲν
791 3195 948 3268 ήπίστνσεν
972 3194 1172 3256 άποθανοῦσαν
1195 3193 1306 3267 ἑαυτήν

206 3303 379 3383 ἐπιτρέψαι,
409 3305 578 3386 Ἀντιφάνει
602 3306 627 3369 δ’
651 3305 727 3370 οὐδὲν
752 3305 930 3384 τροοήκουσκ
954 3303 1159 3380 πιστεύσασα,
1182 3301 1303 3387 ἔδωκεν,

206 3439 233 3477 κ.
256 3438 284 3479 τ.
310 3415 330 3476 ἓ.
365 3413 514 3496 'Paylorus
539 3422 570 3478 et
595 3413 796 3478 Marklaudus
813 3412 1025 3496 praeferebant
1040 3413 1215 3493 προσήκοντι.
1241 3411 1304 3476 Sed

206 3545 242 3588 ea
264 3524 439 3587 coniectura
461 3524 539 3588 nihil
563 3546 641 3608 opus
666 3532 721 3587 est.
746 3522 874 3605 Saepius
891 3523 972 3585 enim
989 3522 1086 3585 Attici
1101 3521 1304 3606 participium

207 3635 382 3717 adiungunt
406 3634 560 3710 subiecto,
586 3633 668 3717 quod
692 3656 729 3696 ex
751 3632 935 3695 Latinorum
959 3639 989 3694 et
1012 3642 1117 3694 nostra
1137 3639 1306 3694 consuetu·

207 3745 278 3808 dine
309 3745 362 3807 alii
390 3743 511 3807 cuidam
535 3743 728 3807 substantivo
753 3741 1040 3806 accommodaveris,
1088 3741 1169 3804 Plat.
1194 3739 1303 3824 Symp.

210 3858 284 3918 181.
315 3854 361 3917 D:
395 3854 672 3936 (παρεσκευασμένοι
705 3853 785 3935 είσίν)
812 3855 862 3915 οὐκ
891 3850 1137 3926 ἐξαπατήσαντες
1160 3851 1188 3913 ἐν
1211 3852 1305 3928 άφρν-

207 3964 276 4044 σθνρρ
304 3963 488 4040 λαβόντες
519 3967 555 4034 eir
588 3962 659 4035 νέον,
691 3962 959 4038 καταγελάσαντες
984 3961 1152 4040 οἰχήσεσθαι
1177 3960 1232 4041 (z
1249 3974 1304 4033 λή-

206 4071 346 4159 φθέντα).
392 4072 440 4135 Id.
472 4072 556 4136 Prot.
587 4074 661 4134 320.
695 4074 739 4134 A:
769 4080 910 4150 Περικλῆς
936 4070 1028 4140 δεδιὼς
1055 4069 1117 4145 περὶ
1144 4071 1234 4132 αὑτοῦ
1259 4072 1303 4143 μή

208 4185 352 4264 διαφθαρῇ
383 4183 415 4256 δή
445 4183 494 4245 ὑπ’
525 4181 728 4261 Ἀλκιβιάδου,
760 4179 984 4250 ἀποσπάσας
1015 4177 1074 4239 άπθ
1102 4177 1203 4240 τούτου
1211 4224 1220 4252 ,
1247 4200 1303 4240 κα-

208 4292 362 4372 ταθέμενος
393 4294 422 4356 ἐν
452 4291 616 4372 Ἀρίφρονος
648 4291 781 4357 ἐπαίδευε
813 4292 867 4370 (z
890 4286 1141 4370 άποοπασθίντκ).
1178 4283 1301 4367 Obltl.
