2850 5024
666 384 726 444 227

151 581 270 660 γραφήν
301 586 496 664 repetuntur,
529 579 721 656 obtinuerat,
753 587 790 642 ut
821 587 964 663 appareat
995 601 1027 642 re
1059 600 1130 642 vera
1163 579 1244 643 bona

151 689 290 774 Ergoclis
322 712 339 752 a
368 690 542 753 Philocrate
573 711 655 753 nunc
686 689 836 773 possideri
866 696 896 753 ct
928 689 994 752 iure
1021 689 1059 752 ab
1083 711 1118 753 eo
1143 689 1241 772 exigi;

151 800 214 863 sed<
235 807 296 863 tam
328 800 434 885 paucis
459 798 575 876 verbis,
600 806 636 861 ut
659 798 705 862 vel
730 821 784 882 per
806 799 951 882 temporis
974 805 1164 862 momentum
1188 797 1244 860 mi·

150 930 209 972 nus
240 914 391 973 attentum
422 907 554 972 iudicem
584 907 686 991 potior
710 929 779 992 pars
803 907 1072 973 demonstrationis
1096 907 1244 991 effugeret

150 1038 272 1082 necesse
295 1033 383 1082 esset.
430 1017 471 1081 Et
494 1017 563 1101 quis
586 1024 657 1102 post
680 1017 785 1082 breves
808 1018 877 1081 illas
901 1017 1155 1102 interrogationes
1179 1039 1242 1081 uon

151 1135 323 1211 exspectet,
355 1135 392 1190 ut
423 1128 613 1191 familiaritas
645 1126 754 1191 horum
786 1129 919 1192 virorum
946 1129 1026 1191 iuter
1049 1150 1096 1206 se,
1122 1150 1158 1193 ex
1182 1150 1242 1212 qua

150 1238 249 1301 omnis
280 1237 498 1301 demonstratio
527 1237 660 1322 petenda
684 1247 765 1316 erat,
794 1239 923 1323 amplius
947 1238 1090 1324 deinceps
1114 1261 1244 1322 expone·

149 1347 255 1411 retur?
290 1347 367 1411 Tota
391 1369 482 1410 causa
505 1348 537 1410 in
558 1348 615 1411 hoe
632 1349 775 1412 vertitur:
794 1348 982 1412 Philocrates
999 1349 1058 1413 fuit
1073 1349 1244 1413 familiaris·

149 1450 244 1520 simus
267 1457 424 1542 Ergoolis5
449 1481 486 1522 ex
510 1458 648 1542 Ergoelis
672 1481 704 1522 re
727 1458 871 1522 familiari
895 1460 1067 1544 proscripta
1089 1460 1192 1523 minus
1208 1459 1241 1521 in

150 1569 300 1632 aerarium
330 1569 437 1646 rediit,
470 1553 569 1653 quam
593 1569 704 1633 habere
736 1570 826 1633 illum
857 1578 965 1633 notum
998 1578 1079 1646 erat;
1104 1570 1200 1651 igitur
1225 1591 1242 1631 a

150 1677 322 1742 Philocrate
352 1680 516 1763 repetenda
548 1689 638 1756 sunt,
675 1701 754 1762 quae
790 1680 912 1743 desunt.
960 1679 1042 1742 Huic
1073 1679 1243 1742 sententiae

151 1788 176 1850 si
207 1788 314 1851 saltem
345 1788 476 1872 speciem
509 1790 570 1852 veri
602 1788 765 1851 conciliare
797 1788 943 1852 voluisset
975 1796 1091 1866 orator,
1122 1788 1244 1852 demon·

152 1897 311 1960 strandum
340 1905 404 1961 erat
431 1897 591 1981 Ergoclem
616 1920 647 1960 re
672 1920 742 1961 vera
765 1897 936 1980 possedisse
959 1898 1086 1980 triginta
1109 1898 1242 1975 talenta,

150 2029 299 2071 summam
336 2007 483 2091 pecuniae
513 2007 611 2071 multo
642 2008 788 2072 maiorem
820 2030 912 2092 quam
946 2030 1024 2092 quae
1057 2031 1091 2071 eo
1122 2016 1243 2073 mortuo

149 2117 275 2179 inventa
305 2127 397 2194 esset;
430 2124 497 2180 tum
527 2117 607 2180 nihil
638 2117 782 2180 habuisse
812 2118 902 2181 initio
930 2116 1136 2180 Philocratem
1159 2125 1243 2182 ante·

149 2249 242 2310 quam
265 2250 335 2291 cum
358 2227 488 2312 Ergoele
504 2227 611 2291 urbem
627 2227 802 2311 reliquisset
809 2254 819 2305 ;
837 2228 948 2292 deinde
963 2229 1140 2293 testimonia
1155 2235 1242 2292 erant

150 2336 302 2400 afferenda
309 2364 319 2414 3
351 2337 405 2401 sed
435 2337 557 2401 nullum
579 2338 736 2401 recitatur.
775 2336 889 2401 ‘Oratio
912 2337 983 2401 talis
1008 2345 1073 2415 est,
1096 2344 1133 2400 ut
1156 2336 1244 2401 dubi·

148 2454 265 2510 tantem
289 2447 328 2511 de
350 2448 477 2511 veritate
500 2448 662 2512 delationis
686 2449 818 2512 iudicem
839 2470 960 2512 movere
983 2448 1080 2531 possit
1102 2447 1240 2525 nullum,

149 2558 326 2622 confirmare
349 2559 476 2622 fortasse
500 2558 741 2642 praeiudicatum
764 2559 938 2642 opinionem
963 2559 1093 2635 civium,
1119 2557 1172 2640 qui
1188 2579 1242 2640 per

147 2659 192 2731 fas
216 2675 246 2731 et
269 2668 353 2732 nefas
376 2668 523 2732 ditescere
544 2669 693 2733 aerarium
713 2669 849 2752 cupiant.
889 2667 955 2732 Nec
971 2690 1083 2752 magno
1100 2668 1240 2731 acumine

148 2799 226 2860 opus
254 2782 319 2840 erat
348 2776 539 2855 adversario,
573 2779 627 2860 qui
657 2785 762 2861 postca
790 2777 916 2841 verbum
931 2778 1076 2841 facturus
1100 2784 1181 2854 erat,
1206 2783 1243 2840 ut

148 2885 269 2968 singula
291 2885 473 2970 infringeret
496 2909 531 2950 ac
554 2886 736 2951 debilitaret.
778 2887 922 2951 Miseram
946 2909 1033 2951 suam
1057 2895 1169 2951 sortem
1193 2887 1242 2950 de·

147 2993 267 3076 plorare
290 3001 410 3077 poterat
432 2995 640 3073 Philocrates,
666 2997 720 3081 qui
744 3019 839 3080 quum
863 3019 898 3060 co
922 3005 1144 3082 temporeque
1169 3019 1242 3080 opu·

147 3102 291 3167 lentiores
310 3104 390 3167 cives
410 3105 605 3168 trierarchiae
621 3106 772 3188 impensas
793 3105 982 3190 effugerant,
1000 3107 1094 3170 saluti
1110 3106 1242 3169 civitatis

148 3213 250 3277 omnia
292 3215 537 3298 posthabuisset,
577 3237 660 3279 nuno
699 3222 860 3299 propterea
898 3216 1053 3279 civitatem
1092 3216 1243 3301 depilasse

148 3330 240 3407 atque
263 3323 458 3387 defraudasse
482 3332 673 3401 censeretur,
699 3331 818 3408 poterat
842 3333 1016 3408 praetexere
1039 3347 1102 3390 non
1123 3348 1155 3390 se
1171 3327 1245 3389 ami-

148 3432 237 3497 citiae
268 3433 321 3496 sed
350 3434 538 3518 reipublicae
569 3457 661 3499 causa
684 3443 804 3500 sumtus
828 3434 1023 3499 trierarchiae
1046 3435 1241 3512 toleravisse,

149 3549 179 3605 et
209 3543 392 3606 contendere
423 3566 484 3608 non
517 3566 658 3628 magnam
688 3544 926 3609 familiaritatem
957 3569 989 3610 se
1017 3568 1087 3609 cum
1110 3545 1241 3629 Ergoclc

149 3651 284 3714 iunxisse
304 3654 330 3736 (b
348 3654 388 3734 7).
426 3652 509 3715 Haec
525 3661 556 3716 et
575 3653 687 3717 similia
707 3674 776 3717 eum
795 3654 950 3719 facturum
971 3662 1053 3719 certo
1071 3655 1242 3740 praevideri

149 3769 285 3844 poterat3
318 3784 416 3846 neque
440 3763 521 3826 enim
545 3763 583 3826 de
605 3763 699 3840 „lana
722 3765 865 3848 caprina”
889 3773 954 3829 erat
978 3773 1102 3829 acturus
1127 3764 1180 3829 sed
1204 3765 1240 3828 de

149 3892 182 3934 re
205 3871 347 3935 familiari
371 3880 437 3935 tota
460 3881 490 3936 et
513 3872 551 3936 de
575 3878 631 3936 sua
654 3875 878 3938 existimatione
894 3885 959 3939 erat
974 3883 1163 3952 certaturus,
1180 3875 1242 3938 imo

149 3981 198 4045 τὸν
220 3982 283 4061 περ)
305 3989 409 4063 ψυχῆς
432 3985 535 4059 ἀγῶνα
557 3981 672 4062 τρέχειν
695 3982 822 4059 ἔμελλε,
847 3984 873 4046 si
896 4006 984 4070 aures
1007 3992 1113 4049 nostro
1130 3986 1243 4049 oratori

150 4090 267 4155 iudices
300 4091 481 4176 praeberent
511 4094 538 4177 (b
574 4096 633 4178 ll).
680 4093 728 4156 Ad
762 4093 836 4157 haec
868 4093 1032 4158 adversarii
1063 4103 1242 4179 argumenta

151 4202 358 4285 praecavenda
388 4203 511 4266 minime
543 4203 655 4267 suffieit
685 4205 760 4268 haec
793 4205 994 4268 oratiuncula.
1042 4207 1148 4271 Unum
1179 4206 1241 4269 fere

152 4319 216 4374 erat
240 4313 352 4374 crimen
376 4311 459 4394 quod
482 4312 596 4376 iustam
621 4314 796 4378 admitteret
819 4313 1128 4393 demonstrationem,
1153 4337 1243 4399 pecu-

1066 4433 1122 4488 15*
