2850 5024
687 405 748 469 126

174 605 346 685 οίμφοτέρων
374 607 532 682 Ἀθηναῖοι,
565 605 738 685 ταρανομαν
769 607 931 687 φεύγοντος
954 611 1005 671 τοῦ
1028 608 1118 671 αὐτοῦ
1141 591 1261 682 duride

174 715 317 779 τοίναντία
339 717 439 797 σφίσιν
462 719 558 788 αὐτοῖς
582 717 776 797 ἐψηφίσαντο.
821 717 858 780 In
882 716 995 801 quibus
1019 719 1150 802 primum
1171 687 1263 779 haud

175 827 237 889 scio
269 849 308 890 an
335 827 361 890 is
393 828 445 911 qui
477 827 509 891 in
541 827 644 892 eadem
676 851 783 907 causa,
812 829 859 893 bis
889 830 937 891 ius
960 828 1084 906 dicens,
1109 811 1267 892 eontrariss

174 943 304 1014 statuat,
337 935 397 1001 dici
426 939 520 1022 possit
543 939 621 1019 περὶ
645 940 857 1024 οίμφοτέρων
879 940 1024 1005 τοίναντίοο
1046 940 1140 1021 έαντῷ
1161 920 1272 1021 φηφῖ’

174 1047 289 1128 ζεσίαν,
314 1048 397 1133 quod
420 1050 562 1114 convenit
584 1051 617 1115 in
640 1073 725 1129 eum,
750 1051 803 1135 qui
823 1050 941 1115 duabus
959 1053 1059 1116 causis
1076 1052 1224 1138 propositis
1241 1077 1274 1119 7

174 1159 212 1223 de
235 1167 360 1242 utroque
382 1162 551 1246 pugnantia
573 1162 689 1226 statuit.
729 1161 788 1226 Sed
810 1162 905 1226 nolim
926 1163 985 1227 hoc
1006 1186 1158 1248 premere,
1174 1145 1270 1248 quorl

173 1271 329 1336 brevitatis
353 1272 455 1336 studio
479 1281 579 1337 motus
602 1273 817 1358 neglegentius
835 1274 936 1337 dicere
952 1275 1055 1359 potuit
1071 1282 1180 1339 orator.
1211 1275 1268 1337 At&

173 1384 290 1467 reliqua
313 1391 384 1448 sunt
407 1385 498 1448 nimis
522 1385 645 1449 concisa
669 1392 698 1448 et
721 1384 884 1469 languide3
910 1391 944 1448 ut
968 1386 1048 1449 enim
1073 1409 1128 1450 sua
1151 1387 1193 1451 vis
1214 1385 1255 1448 sit

172 1496 348 1579 postremis:
379 1497 524 1560 τοίναντία
554 1497 654 1577 σφίσιν
683 1499 780 1568 αὐτοῖς
804 1496 988 1578 ἐψηφίσαντο
1012 1499 1171 1583 perspicue
1192 1497 1248 1561 duo

173 1607 323 1670 contrarie
346 1607 515 1669 enumerari
538 1605 705 1684 debebant,
731 1629 825 1690 quum
849 1609 1025 1692 pracsertim
1046 1608 1121 1672 haee
1139 1631 1174 1672 eo
1188 1609 1250 1673 loco

173 1718 272 1802 posita
288 1718 367 1793 sint,
385 1716 439 1779 ubi
456 1717 588 1800 graviter
608 1719 671 1801 (per
686 1718 736 1781 καί
751 1755 796 1765 -
811 1717 857 1802 δή)
875 1718 1031 1802 superiore
1047 1726 1251 1785 resumuntur.

172 1828 252 1891 Tum
282 1828 373 1892 etiam
403 1835 453 1893 τοῦ
483 1831 572 1894 αὐτοῦ
604 1829 700 1910 οὶνδρίς
732 1837 804 1893 sunt
832 1829 979 1893 brevitate
1002 1832 1093 1894 nimis
1117 1832 1251 1896 obscure.

172 1938 282 2024 Itaque
300 1940 444 2002 lacunosa
460 1938 534 2002 haec
551 1947 637 2024 puto.
673 1938 800 2024 Scripsit
816 1939 923 2024 Lysias
939 1940 999 2003 talc
1017 1941 1110 2024 quid,
1130 1944 1251 2028 opinor:

167 2051 340 2130 παρανόμων
362 2051 508 2133 φυγόντος
530 2052 597 2118 τότε
619 2057 669 2116 τοῦ
692 2052 805 2131 ἀνδρός,
827 2054 885 2136 (νῦν
904 2052 933 2116 δὲ
952 2054 1129 2137 νικήσαντος)
1153 2057 1254 2121 τοίναν-

170 2163 368 2227 mand

214 2273 353 2338 Fuerunt
384 2275 437 2358 qui
466 2275 569 2339 eiectis
601 2275 700 2339 verbis
732 2275 906 2354 ταρανίμον
936 2315 981 2324 -
1010 2277 1108 2355 οίνδρίς
1140 2277 1254 2341 mederi

171 2384 242 2448 huic
272 2384 339 2449 loco
369 2394 549 2448 conarentur
555 2412 565 2463 3
597 2385 648 2449 sed
672 2386 709 2449 iis
734 2386 852 2449 omissis
876 2386 993 2470 reliqua
1016 2387 1059 2450 sic
1082 2387 1197 2471 frigent
1221 2395 1255 2451 ut

170 2495 271 2580 potins
295 2496 395 2559 omnia
417 2496 477 2579 (καί
501 2495 564 2576 τερί
586 2535 631 2544 -
653 2496 851 2582 ἐψηφίσαντο)
875 2498 978 2562 abesse
1001 2498 1099 2562 malis.

214 2607 231 2693 p
255 2609 284 2669 1.
329 2601 380 2670 οἷοί
408 2631 481 2678 τινες
509 2607 600 2689 (recte
623 2606 720 2671 Bcklr.
746 2630 801 2692 pro
824 2606 933 2691 οἵτινες)
958 2608 1034 2680 ὄντες
1058 2617 1179 2674 τολῖτοα
1204 2611 1254 2676 καί

170 2718 250 2784 αὐτοὶ
267 2718 315 2782 καί
335 2715 371 2782 ὧν
390 2721 572 2796 τροςηκοντες
591 2719 768 2798 ἀδικούμενον
785 2719 921 2797 οίξνοῦμεν
938 2723 1078 2786 ἐλεεῖσθαι
1095 2723 1147 2801 ὑφ’
1165 2722 1255 2799 ὑμῶν.

170 2828 341 2893 Delendum
371 2836 416 2892 est
442 2830 493 2893 καί
515 2836 585 2892 ante
608 2831 706 2895 αὐτοίε
731 2831 859 2914 „quales
884 2831 963 2894 cives
986 2832 1043 2916 ipsi
1068 2838 1098 2895 et
1121 2854 1257 2915 quorum

167 2941 353 3026 „propinqui
376 2941 612 3004 misericordiam
635 2949 766 3005 vestram
789 2942 1018 3028 imploremus.'’
1061 2941 1133 3006 Non
1157 2943 1258 3008 homi·

168 3076 222 3116 nes
250 3058 448 3138 opponuntur
476 3052 556 3116 inter
587 3075 618 3116 se
649 3053 700 3117 scd
733 3053 881 3117 attributa
903 3053 980 3126 ὄντες
1004 3062 1034 3117 et
1057 3056 1257 3133 τροςηαοντες.

167 3165 233 3228 Iam
264 3162 404 3226 Dobreus
435 3162 483 3226 his
513 3163 646 3228 offensus
678 3165 808 3229 coniecit
838 3166 886 3229 καί
920 3166 944 3230 οί
975 3167 1175 3248 τροςηκοντες,
1202 3167 1259 3231 sed

169 3273 332 3361 propinqui
356 3271 497 3370 (Nicias,⁴
514 3273 679 3352 EuorateS,
705 3273 886 3354 Niceratus,
912 3275 1096 3361 Diognetus)
1120 3299 1183 3340 non
1200 3278 1259 3342 im·

167 3387 288 3473 plorant
310 3385 557 3450 misericordiam.

209 3500 226 3583 p
250 3501 279 3561 2.
325 3495 380 3562 ίσα
405 3497 458 3573 μὲν
480 3508 517 3580 τῇ
537 3499 640 3564 ἑαυτοῦ
663 3499 764 3581 γνώμη
785 3499 931 3581 χρώμενος
957 3499 1025 3580 ὑπὲρ
1049 3505 1100 3564 τοῦ
1124 3501 1256 3575 τλήίονς

165 3607 230 3672 σοῦ’
246 3609 380 3691 ὑμετέρου
409 3609 515 3690 ἔπραξε
522 3660 532 3689 ,
563 3617 721 3692 πανταχοῦ
751 3613 918 3692 φανήσεται
945 3617 1059 3676 πολλῶν
1089 3611 1143 3688 μὲν
1174 3613 1254 3694 ture

165 3721 306 3797 ἀγαθῶν
330 3719 419 3791 αίτνος
442 3731 478 3804 τῇ
498 3721 582 3787 τίλεν
606 3723 814 3801 γεγενημένος,
839 3729 969 3788 πλεῖστα
991 3722 1020 3787 δέ
1042 3723 1091 3787 καί
1115 3723 1253 3800 μέγιστα

163 3831 243 3896 κακοί
273 3832 338 3904 τοὺς
368 3833 523 3910 πολεμίους
553 3834 749 3914 εἰργασμένος.
795 3833 916 3897 Primus
947 3834 1088 3898 Baiterus
1113 3855 1167 3918 pro
1192 3835 1253 3919 ίδίρο

163 3945 281 4020 οίγαίῶν
305 3943 434 4007 coniecit
456 3945 505 4007 καί
528 3944 670 4022 μεγοίλον
693 3946 828 4028 ἀγαθῶν,
855 3967 892 4008 ex
915 3944 1032 4008 Gelono
1056 3941 1192 4029 (XVIII.
1220 3949 1251 4008 2.

163 4077 192 4139 p.
218 4057 258 4117 65
283 4053 409 4131 Kuhn„
430 4055 484 4138 qui
507 4063 609 4120 tamen
631 4056 717 4120 locus
741 4056 815 4119 satis
839 4062 1000 4140 corruptus
1022 4057 1077 4139 est)
1098 4058 1149 4119 καί
1166 4078 1273 4145 essu.x

162 4188 265 4243 mens,
297 4165 440 4242 μεγοίλον
475 4167 690 4230 concinnitatis
722 4188 812 4230 eausa
843 4165 966 4230 addens.
1014 4163 1071 4228 Sed
1104 4165 1142 4228 ad
1172 4166 1251 4249 ίδίρι,

160 4299 214 4340 cuo
235 4279 346 4341 iudicio
368 4299 459 4356 αεαε,
479 4284 642 4362 seperatim
666 4278 703 4341 cf.
724 4279 773 4341 15.
791 4280 821 4340 4.
853 4277 1004 4353 Μεγοίλων
1021 4276 1124 4340 abesse
1141 4298 1251 4363 posse,

154 4381 249 4452 ¹nemo
273 4388 406 4472 negabit.
