2850 5024
660 385 678 444 9

124 587 286 669 scriptores
317 608 371 670 pro
403 584 549 648 orationis
569 584 679 666 ficaria
710 586 756 667 (11
785 607 854 648 cum
878 587 1011 650 Auctore
1035 586 1073 648 ad
1098 585 1212 648 Heren-

123 698 211 760 nium
241 698 359 782 loquar)
391 697 423 759 in
455 696 589 759 diversas
619 695 766 780 quasdam
790 697 908 772 αἱρέσεις
932 720 993 761 non
1017 697 1109 760 nimis
1132 718 1211 759 com·

123 806 315 884 mendabile;
339 829 409 870 nam
433 828 531 891 neque
555 806 600 882 is,
624 807 677 891 111
701 807 803 870 tenuis
823 815 853 870 11
873 808 995 872 subtilis
1015 830 1132 893 semper
1148 814 1209 885 est,

124 919 283 1003 requeis,
309 918 362 1002 qui
385 916 509 1001 grandis
534 925 564 978 et
587 916 685 980 elatus
708 941 841 1002 semper,
868 918 941 982 boui
956 918 1085 982 oratoris
1100 940 1211 982 nomen

124 1037 273 1106 meretur;
304 1029 408 1113 itaque
438 1028 552 1091 multos
582 1029 794 1112 superfuturas
833 1052 897 1094 esse
928 1030 1102 1115 probabile,
1134 1051 1211 1113 quos

124 1150 186 1226 quo
217 1141 345 1215 referas,
377 1139 490 1203 dubius
520 1138 666 1203 haerebis,
713 1139 750 1202 ld
774 1149 876 1205 autem
899 1140 1126 1204 incommodum
1154 1139 1211 1202 etsi

124 1260 239 1316 veteres
263 1274 324 1316 non
349 1250 479 1327 latebat,
505 1261 605 1313 tamen
630 1249 699 1334 plus
724 1251 819 1314 valuit
842 1273 907 1315 mos
931 1251 1071 1314 traditus.
1118 1250 1210 1320 Recte

124 1364 232 1428 Cicero
262 1364 283 1427 l.
315 1363 336 1425 1.
369 1384 395 1426 c.
427 1365 487 1426 30:
518 1364 567 1439 „is
599 1363 656 1426 erit
687 1363 849 1447 eloquens,
884 1365 939 1448 qui
975 1365 1087 1448 poterit
1118 1385 1210 1448 parva

125 1477 323 1554 ‚,summisse,
340 1475 459 1539 modica
475 1483 657 1559 temperate,
674 1497 785 1559 magna
800 1476 933 1560 graviter
948 1475 1078 1539 dicere.''
1108 1473 1155 1537 Of.
1173 1472 1210 1536 de

125 1588 198 1673 Opt.
220 1588 296 1651 Gen.
319 1586 405 1651 Orat.
426 1610 451 1650 c.
475 1590 501 1649 1.
531 1586 676 1670 Syrianus
695 1586 776 1670 apud
793 1586 934 1671 Spengel.
954 1586 974 1648 l.
991 1587 1012 1649 l.
1030 1609 1060 1670 p.
1076 1586 1149 1661 197,
1163 1607 1207 1669 sq.

125 1699 275 1780 Quinc-til.
300 1700 321 1763 l.
345 1698 366 1763 l.
390 1701 407 1784 1
431 1701 487 1761 661
513 1697 594 1776 „Sed
616 1720 715 1782 111111
739 1697 787 1760 his
812 1699 912 1762 tribus
936 1699 1022 1783 quasi
1045 1697 1151 1761 formis
1167 1697 1211 1759 iu·

125 1811 233 1890 „clusa
264 1810 439 1895 eloquentia
469 1820 523 1873 est.
572 1808 652 1873 Nam
686 1818 722 1872 11
755 1811 835 1873 inter
869 1810 981 1894 gracile
1016 1808 1211 1893 validumque

125 1923 274 2000 „tertium
290 1921 407 2006 aliquid
423 1922 626 1985 constitutum
642 1930 705 1998 est,
723 1922 767 1984 ita
779 1922 889 1985 horum
901 1920 1061 1985 intervalla
1073 1926 1154 1983 sunt.
1166 1957 1212 1966 -

125 2035 196 2112 „Ac
218 2035 262 2098 sic
286 2055 380 2118 prope
402 2033 641 2097 innumerabiles
664 2033 778 2118 species
801 2032 1024 2117 reperiuntur.”
1056 2031 1212 2111 111111111-

125 2145 224 2208 valuit
258 2144 417 2208 divisionis
452 2143 545 2207 huius
578 2165 663 2221 mos,
699 2165 760 2207 non
796 2150 897 2228 potest
931 2143 1019 2207 aliter
1049 2142 1211 2226 explicari,

126 2278 218 2340 quam
248 2278 285 2319 ex
317 2257 497 2320 auctoritate
528 2256 704 2321 inventoris.
753 2256 813 2321 Hic
843 2264 944 2320 autem
974 2279 1036 2320 non
1064 2256 1213 2318 11111111

126 2388 219 2451 quam
241 2365 479 2451 Theophrastus.
527 2367 620 2451 Apud
650 2367 847 2430 Aristotelem
870 2367 951 2431 enim
974 2389 1035 2430 nou
1059 2366 1213 2429 invenitur
1288 2405 1296 2415 -

126 2475 297 2561 quidquam
319 2477 402 2563 quod
426 2478 486 2541 hoc
509 2477 618 2554 faciat,
640 2500 696 2541 nec
711 2477 743 2540 in
761 2476 923 2542 Rhetorica
939 2476 977 2541 ad
993 2476 1211 2540 Alexandrum.
1312 2488 1316 2495 '

127 2587 188 2652 Sed
211 2587 294 2673 'apud
317 2589 423 2667 illum,
453 2589 506 2673 qui
534 2588 571 2653 ab
596 2589 653 2652 hoc
676 2597 812 2674 tempore
834 2590 990 2673 proximus
1013 2589 1090 2666 fuit,
1119 2588 1215 2653 Theo·

127 2699 287 2784 phrastum
310 2700 405 2764 medii
428 2700 609 2764 characteris
632 2700 772 2764 inventor
787 2699 945 2764 dicebatur
960 2699 1215 2784 Thrasymachus.

127 2810 220 2874 Dion.
245 2809 283 2874 de
306 2811 393 2875 Dem.
419 2814 449 2873 3.
495 2812 585 2890 Τρίτῃ
608 2809 686 2886 λέξις
710 2809 813 2895 (vulgo
836 2807 954 2884 λέξεως)
979 2807 1011 2885 ἦν
1034 2813 1051 2884 ἡ
1071 2812 1160 2889 μικτή
1180 2836 1212 2874 τε
1268 2828 1272 2836 ·

126 2921 177 2984 καὶ
201 2921 330 2992 σύνθετος
353 2925 385 2986 ἐκ
407 2922 514 2987 τούτων
538 2929 593 2986 τῶν
616 2922 703 2985 δυεῖν·
727 2918 759 2997 ἣν
783 2923 796 2985 ὁ
815 2921 869 2998 μὲν
888 2926 996 3001 πρῶτος
1014 2920 1213 2999 ἁρμοσάμενος

127 3033 178 3097 καὶ
201 3036 394 3110 καταστήσας
419 3035 458 3105 εἰς
481 3033 530 3099 τὸν
553 3039 601 3098 νῦν
621 3033 793 3114 ὑπάρχοντα
810 3033 916 3110 κόσμον
933 3033 991 3098 εἴτε
1010 3033 1213 3112 Θρασύμαχος

127 3145 141 3207 o‘
170 3145 357 3220 Χαλκηδόνιος
385 3142 433 3226 ἦν,
463 3146 505 3217 ὥς
533 3143 649 3209 οἴεται
678 3146 933 3225 Θεόφραστος,
958 3143 1011 3209 εἴτ’
1038 3142 1129 3215 ἄλλος
1153 3169 1212 3222 τις,

127 3256 178 3319 οὐκ
200 3256 261 3336 ἔχω
283 3255 391 3331 λέγειν.
437 3255 545 3319 Sumta
567 3254 642 3319 haec
665 3264 738 3319 sunt
754 3278 791 3318 ex
809 3255 887 3320 libro
909 3256 971 3334 arpi
988 3253 1109 3333 λέξεως,
1127 3256 1214 3319 errius

127 3367 297 3453 fragmenta
331 3367 413 3452 apud
437 3368 620 3452 Dionysium
650 3374 681 3430 et
710 3366 901 3430 Demetrium
924 3368 1132 3431 inveniuntur.
1167 3367 1214 3432 Cf.

128 3479 359 3557 Westermanu,
392 3479 501 3542 Gesch.
534 3478 588 3542 der
620 3477 866 3555 Beredsamkeit,
900 3479 925 3541 Ι.
957 3502 987 3563 p.
1022 3482 1095 3544 171.
1127 3505 1157 3544 n.
1183 3483 1212 3544 8.

131 3590 367 3675 Peripateticum
390 3590 607 3674 philosophum
630 3590 758 3654 decebat
781 3590 859 3653 hanc
879 3592 1067 3655 notationem
1087 3616 1148 3657 non
1169 3616 1213 3656 so·

128 3702 193 3764 lum
227 3700 266 3764 ad
284 3709 451 3779 oratores,
486 3701 541 3765 sed
576 3702 668 3764 etiam
703 3700 739 3763 ad
772 3701 905 3786 reliquos
937 3703 1099 3786 scriptores
1123 3712 1213 3788 11111

128 3821 234 3895 poetas
265 3811 418 3876 adhibere.
465 3810 512 3874 Cf.
545 3811 633 3875 Dem.
666 3811 703 3875 de
727 3812 802 3876 eloe.
828 3835 852 3874 c.
880 3814 930 3874 16.
978 3813 1087 3898 111111
1110 3823 1215 3899 postea

130 3945 251 4007 quoque
274 3924 388 3987 lactum
411 3923 559 3987 videmus.

174 4035 348 4113 Tenuitati‚
374 4057 450 4119 quae
474 4044 505 4097 11
527 4035 593 4118 ipsa
615 4034 676 4098 late
701 4042 801 4119 patet,
818 4056 913 4118 quum
929 4033 1118 4099 adscribatur
1133 4036 1216 4123 logo-

129 4147 271 4232 graphis,
300 4145 491 4229 dialogorum
519 4145 742 4210 Socraticorum
765 4145 965 4230 scriptoribus
989 4148 1125 4230 (excepto
1148 4147 1216 4210 Pla-

129 4259 212 4340 tone)
236 4265 265 4320 ct
289 4281 384 4343 paene
407 4257 548 4320 omnibus
572 4258 742 4321 oratoribus
769 4258 799 4320 iu
818 4257 955 4320 iudiciali
972 4265 1003 4320 et
1018 4258 1215 4322 deliberativo

129 4390 239 4452 genere
263 4370 365 4454 (Dion.
391 4369 478 4434 Dem.
504 4372 552 4452 1),
577 4370 700 4454 propria
723 4378 769 4432 est
788 4370 989 4452 praedicaret
1006 4371 1213 4448 1111111111.
