2850 5024
639 386 680 446 41

117 584 188 656 ἐμοῦ
210 581 292 663 adda
314 586 363 647 οὐκ
386 583 560 662 αἰσχύνεται
583 608 609 646 κ.
633 607 659 646 τ,
683 585 706 647 ἑ.
748 582 839 647 Nune
859 605 930 645 vero
947 605 1024 666 quae
1041 583 1203 668 leguntur:

116 691 188 756 dors
219 697 269 759 οὐκ
300 694 473 774 αἰσχύνεται
505 696 625 774 τραῦμα
654 694 683 758 τ’
706 695 849 776 όνομοόζοιν
872 696 913 759 τόν
937 696 1054 760 ὑπόπια
1078 719 1104 760 κ.
1128 719 1156 757 τ.
1181 696 1205 759 ἑ.

117 805 207 867 nimis
238 805 328 868 exilia
352 814 425 869 sunt
448 813 518 890 post
542 828 632 889 grave
655 806 732 870 illud
758 807 883 870 verbum
908 806 1150 886 βαρυδαιμονίας.

162 913 236 978 Post
258 917 275 1000 b
299 918 337 978 ll
371 916 476 979 deesse
508 917 655 1000 quaedam
680 917 757 980 vidit
780 918 840 981 iam
864 917 1028 982 Scheibius
1036 944 1045 996 3
1070 940 1139 981 nam
1158 942 1206 981 τε·

115 1026 239 1106 κμνρόεον
259 1033 290 1089 et
308 1033 481 1107 μαρτυριῶν,
503 1030 617 1112 quaed
644 1031 681 1091 le
703 1035 926 1105 memorantur,
947 1030 980 1092 in
998 1027 1205 1114 superioribus

117 1160 172 1200 nee
206 1137 274 1200 vola
308 1146 354 1201 est
388 1162 444 1202 nee
477 1140 650 1224 vestigium.
698 1139 855 1219 Quaedam
888 1142 977 1204 etiam
1010 1140 1131 1205 brevius
1162 1139 1205 1202 ibi

116 1256 406 1329 commemorantur,
431 1273 509 1334 quae
532 1261 658 1337 apparet
682 1251 780 1321 fusius
804 1274 896 1336 snpra
919 1251 1013 1315 relata
1030 1252 1140 1328 fnisse,
1158 1274 1205 1314 ve·

114 1359 176 1423 luti
199 1383 267 1424 oum
292 1362 374 1425 dieat
396 1362 438 1427 ἔτι
462 1362 490 1428 δὲ
518 1366 668 1446 (κατεῖπεν
684 1362 732 1447 dcv)
749 1365 773 1427 εἰ
789 1362 1055 1445 μεταπεμφθέντες
1072 1363 1203 1439 ἤλθομεν,

114 1481 241 1556 apparet
264 1472 386 1536 finxisse
409 1469 494 1538 reum
518 1497 549 1538 se
573 1474 611 1537 ab
627 1481 728 1537 actore
744 1473 839 1537 fuisse
855 1473 1034 1537 arcessitum
1050 1474 1099 1557 (ef.
1117 1476 1134 1558 d
1151 1475 1205 1556 15)

114 1604 179 1646 non
209 1590 316 1669 sponte
347 1586 480 1663 venisse,
514 1586 546 1649 id
578 1585 660 1669 quod
695 1586 727 1649 in
759 1586 932 1649 narratione
963 1585 1062 1648 fusius
1094 1583 1204 1668 exponi

114 1693 233 1760 debuit.
280 1695 339 1759 Sed
371 1719 406 1760 ea
436 1697 599 1760 omissione
630 1705 700 1760 ante
731 1699 748 1782 d
773 1699 812 1759 la
845 1697 936 1760 semel
971 1696 1051 1760 faeta
1073 1696 1111 1758 ad
1135 1695 1205 1759 illu-

115 1805 241 1869 stranda
271 1817 302 1871 et
332 1808 504 1895 supplenda
535 1809 589 1872 illa
620 1831 698 1892 quae
730 1807 950 1891 sequebantur,
975 1830 1056 1871 nuno
1080 1806 1204 1893 quidem

115 1914 293 1997 obscurata,
319 1918 468 2004 quaedam
491 1919 529 1984 ab
552 1921 719 2005 interprete
743 1919 875 2003 quodam
900 1918 1005 1983 addita
1029 1941 1092 1982 esse
1116 1927 1203 2004 puto.

114 2027 218 2093 Verba
247 2038 320 2094 sunt
350 2031 440 2094 haee:
465 2029 536 2106 θξιῶ
560 2031 583 2094 δ’
599 2028 661 2095 όοον
682 2029 719 2094 όιν
743 2031 857 2106 ἐγένετο
880 2037 997 2106 σημεῖον
1020 2031 1112 2110 τούτῳ
1136 2031 1203 2111 πρός

113 2140 149 2203 τό
172 2141 259 2204 δοκεῖν
290 2142 382 2216 dandi
412 2141 509 2218 λέγειν
534 2141 692 2226 [Φυγόντας
716 2143 786 2217 ἐμοῦ
809 2143 861 2206 τόν
884 2139 1045 2226 βόοανον],
1070 2147 1202 2205 τοσοῦτον

114 2250 178 2327 ἐμοὶ
208 2255 358 2333 τεκμήριον
387 2253 518 2330 γενέσθαι
547 2250 589 2318 ότι
620 2255 651 2317 οὐ
674 2253 836 2332 ψεύδομαι,
863 2254 944 2338 [διότι
968 2250 1047 2325 οὗτος
1070 2255 1121 2317 οὐκ
1144 2252 1204 2327 ἤθε’-

113 2377 204 2437 λκσεν
227 2366 259 2428 ἐκ
281 2371 333 2436 τῆς
356 2365 499 2445 οόνθρόιπου
523 2367 695 2441 ποιήσασθαι
719 2365 767 2429 τόν
790 2365 946 2449 daemon]
971 2365 1020 2429 καὶ
1044 2367 1086 2441 μὴ
1105 2370 1203 2429 τοσοῦ-

113 2497 165 2539 τον
186 2477 310 2555 ἰσχῦσαι
334 2477 400 2547 τοὺς
421 2477 522 2541 τούτου
545 2477 651 2553 λόγους
675 2475 716 2541 ότι
740 2477 829 2557 (parta
852 2477 944 2548 αὐτὴν
960 2475 1106 2556 ἐλευθέραν
1122 2472 1203 2540 εἶναι.

114 2585 155 2649 In
178 2585 215 2650 iis
239 2609 317 2672 quae
340 2586 519 2650 exciderunt
542 2587 657 2650 mentio
681 2594 745 2650 erat
768 2587 846 2651 faeta
871 2587 908 2650 de
924 2587 1035 2651 aneilla
1051 2587 1090 2651 ab
1105 2594 1206 2651 actore

115 2697 154 2762 ad
191 2699 400 2782 quaestionem
434 2706 589 2776 recusata,
622 2707 653 2762 et
684 2721 718 2762 ea
749 2722 828 2784 quae
859 2722 951 2784 supra
982 2701 1084 2784 posita
1114 2709 1205 2778 sunt,

114 2809 236 2872 omissis
267 2809 383 2887 verbis,
417 2832 495 2894 quae
522 2810 610 2873 uncis
633 2809 763 2887 inclusi,
788 2810 861 2873 satis
885 2821 969 2874 erant
992 2811 1153 2896 perspicua
1176 2819 1206 2875 et

115 2922 218 3007 plana.
265 2921 413 2985 Periodus
446 2928 549 2985 autem
578 2928 614 2984 ut
643 2942 726 2984 nune
757 2921 849 3006 vulgo
880 2921 1009 3005 legitur,
1042 2931 1088 2985 est
1115 2923 1205 2986 nimis

116 3039 241 3097 onerata
265 3040 296 3096 et
318 3032 396 3096 male
420 3033 540 3110 vineta3
564 3054 635 3096 nam
658 3033 727 3097 διότι
751 3055 805 3118 pro
829 3031 871 3096 ότι
895 3032 1056 3116 aliquoties
1081 3034 1118 3098 ab
1142 3033 1206 3098 Iso-

115 3151 199 3207 crate
221 3151 291 3229 post
313 3144 404 3208 verba
426 3143 596 3224 θαυμοόζειν,
620 3144 817 3221 ἐνθυμεῖσθαι,
842 3148 946 3218 γνῶναι
966 3144 1100 3228 positum
1118 3145 1206 3227 (Ben-

115 3254 209 3333 selm,
241 3255 333 3339 praef.
358 3255 390 3332 I,
414 3278 444 3340 p.
470 3258 498 3339 v)
530 3253 639 3340 Lysiae
670 3277 732 3318 non
764 3253 997 3318 adscribendum
1030 3262 1092 3331 est,
1122 3256 1205 3340 apud

114 3390 209 3452 quem
232 3367 339 3431 merito
363 3367 538 3430 restitutum
566 3369 615 3430 lo.
635 3368 651 3431 7
675 3372 780 3444 γνῶναι
802 3365 844 3431 ότι
861 3388 915 3452 pro
932 3366 1010 3431 διότι.
1046 3366 1206 3432 Praeterea

112 3477 285 3542 infinitivus
308 3477 431 3557 ἰσχῦσαι
455 3485 525 3562 post
547 3476 639 3541 verba
661 3477 729 3542 διότι
752 3515 797 3526 -
819 3477 867 3541 τόν
894 3477 1038 3558 ἔλεγχον,
1063 3478 1123 3541 alio
1138 3478 1203 3542 infi-

114 3588 213 3652 nitivo
244 3589 438 3672 (ποιήσασθαι)
469 3575 667 3674 interposito,
703 3590 804 3654 minus
836 3588 993 3653 commode
1028 3612 1097 3653 eum
1132 3588 1203 3664 οόξιῶ

110 3701 263 3791 iungitur.
299 3700 346 3764 De
370 3700 580 3764 emendatione
604 3708 826 3787 postremorum
851 3700 1071 3765 vocabulorum
1090 3699 1131 3765 ότι
1147 3711 1204 3782 Φα-

111 3811 162 3899 σόν
189 3833 251 3874 non
279 3812 361 3896 apud
382 3835 431 3876 me
451 3820 586 3890 constat3
612 3813 739 3876 fortasse
762 3811 925 3898 legendum
949 3811 997 3876 ότε
1012 3811 1111 3892 Φκοόν.
1143 3810 1202 3875 Sed

111 3920 272 4004 aliquanto
303 3925 432 3988 certiora
459 3923 496 3987 de
528 3924 672 4008 proximis
704 3930 835 3986 statuere
867 3945 1048 4006 possumus:
1079 3924 1202 3999 ὁμοίως

111 4034 185 4113 μόιρ
215 4038 378 4113 προςήκει
409 4036 518 4110 κοὶμοὶ
550 4045 614 4110 τῆς
646 4035 864 4113 ἐλευθερίας,
897 4033 935 4097 τό
966 4033 1023 4096 ἴσον
1049 4033 1202 4099 καταθέντι

111 4146 256 4228 οὶργόριον.
287 4149 371 4213 οὶλλόι
402 4148 541 4226 ψεύδεται
566 4147 615 4211 καὶ
639 4149 689 4211 οὐκ
711 4147 804 4221 όλκθῆ
827 4145 925 4223 λέγει,
950 4167 1028 4230 quae
1050 4167 1112 4208 non
1137 4168 1203 4230 pos-

112 4267 190 4322 sunt
214 4257 298 4321 aliud
322 4259 491 4344 significare
516 4281 623 4343 quam:
649 4280 719 4321 nam
744 4279 800 4343 ego
824 4279 918 4341 aeque
941 4256 1115 4341 „particeps
1135 4280 1203 4320 sum

111 4369 319 4448 „libertatis”
360 4369 396 4433 Id
429 4392 499 4433 vero
530 4370 620 4455 plane
651 4368 794 4434 alienum.
841 4367 1021 4453 Legendnm
1052 4376 1104 4443 τῆς
1127 4371 1202 4433 aas·
