2850 5024
636 351 678 412 49

110 553 208 636 magis
233 559 306 616 sunt
330 550 477 635 culpandi
501 573 592 634 quam
616 549 767 634 peregrini
773 575 782 626 ς
808 571 879 634 ergo
897 550 1010 613 maiore
1034 572 1133 634 poena
1156 549 1200 614 di·

111 686 191 747 gnus
214 672 260 726 est
283 661 457 727 Andocides
481 663 554 726 civis
578 684 671 745 quam
695 661 843 744 Diagoras
868 662 1056 746 peregrinus.
1089 661 1199 745 Itaque

112 798 167 859 pro
189 774 349 856 ὀργίζεσθαι
372 771 418 839 οὖν
440 773 654 858 requirebatur
676 774 769 838 καίτοι
793 771 954 853 ὀργίζεσθαι
977 799 1005 838 ιι.
1029 799 1058 837 π.
1083 775 1105 838 ἑ.

159 887 264 970 Aeque
298 885 459 971 plumbeus
494 892 541 948 est
574 886 606 949 in
636 884 705 947 loeo
737 883 774 947 de
805 907 872 947 sera
902 885 1036 949 numinis
1067 883 1202 947 vindicta

111 998 212 1080 §202
243 996 350 1078 ἐλπίζω
381 997 434 1075 μὲν
466 993 511 1061 οὖν
541 998 630 1061 αὐτὸν
657 996 706 1059 καί
735 995 775 1079 (Ρ)
806 996 901 1060 δώσειν
925 997 1015 1071 δίκην,
1044 996 1202 1073 θαυμάσιον

112 1110 182 1192 (pro
211 1109 391 1192 θαυμαστὸν)
422 1107 446 1170 δ’
475 1106 551 1172 οὐδὲν
583 1105 618 1171 ἀν
649 1131 697 1184 μοι
721 1107 846 1184 γένοιτο,
879 1129 956 1191 quae
980 1107 1011 1170 in
1035 1107 1113 1169 hane
1138 1128 1202 1169 sen-

113 1219 242 1282 tentiam
273 1218 446 1304 supplenda
475 1225 582 1282 erunt:
616 1239 702 1302 spero
734 1218 797 1281 fore
820 1227 855 1282 ut
879 1218 969 1281 etiam
993 1240 1110 1302 poenas¹
1131 1217 1201 1294 det,

112 1329 169 1392 sed
200 1329 276 1394 nihil
301 1331 392 1394 mirer
415 1331 526 1394 sinon
549 1329 654 1393 statim
678 1329 740 1393 det.
787 1328 847 1393 Sed
870 1331 902 1393 in
926 1330 1071 1414 proximis
1094 1351 1202 1392 rursus

113 1443 254 1526 suggerit
284 1451 354 1527 post
384 1441 538 1520 11111111,
570 1441 652 1506 unde
676 1449 819 1526 appareat
843 1442 945 1505 statim
969 1459 1097 1527 poenam
1111 1443 1204 1504 ¹secu-

114 1560 220 1616 turam
242 1575 324 1617 esse:
353 1554 415 1618 οάδὲ
437 1553 496 1634 γάρ
519 1555 532 1616 ι’
555 1553 614 1625 θεὸς
637 1563 825 1635 παραχρῆμα
847 1552 978 1634 κολάζει,
1003 1554 1085 1617 ἀλλ’
1113 1551 1203 1629 αὕτη

113 1661 182 1742 μέν
201 1666 300 1730 ἐστιν
323 1665 517 1746 ἀνθρωπίνη
541 1666 627 1741 δίκη.
675 1663 763 1745 Quae
786 1665 885 1730 aliena
908 1673 996 1743 sunt3
1020 1688 1091 1729 nam
1115 1665 1204 1728 etiam

115 1775 287 1855 humanum
310 1775 459 1840 iudicium
487 1799 570 1840 nune
593 1777 732 1841 imminet
759 1776 922 1841 Andocidi.
969 1776 1039 1841 Soio
1063 1776 1204 1862 equidem

114 1888 192 1951 haee
226 1886 298 1951 eddi
328 1888 465 1972 potuisse
492 1896 527 1951 ut
551 1911 605 1973 per
633 1890 857 1974 oppositionem
880 1890 1032 1952 humanae
1054 1887 1206 1951 vindictae

110 1999 218 2062 divina
247 2021 345 2083 poena
374 1999 544 2063 evidentius
568 2000 806 2084 significaretur3
831 1999 885 2063 sed
913 2000 967 2064 tali
990 1999 1205 2085 oppositione,

114 2110 218 2194 qualis
241 2112 315 2175 haee
339 2118 403 2188 est,
427 2110 515 2174 facile
539 2111 659 2175 aberrat
681 2112 802 2175 animus
826 2111 1002 2175 auditorum
1018 2112 1055 2175 ab
1072 2133 1108 2174 eo
1125 2110 1207 2194 quod

116 2222 221 2306 agitur
244 2229 275 2284 et
305 2244 409 2285 rursus
441 2222 479 2286 ab
510 2221 644 2286 humana
674 2244 772 2307 poena
801 2244 854 2307 per
876 2217 1065 2286 momentum
1089 2229 1209 2285 ostenta

117 2333 219 2397 redire
241 2333 363 2417 eogitur
386 2331 423 2396 ad
448 2331 580 2396 divinam
589 2359 598 2410 3
621 2355 692 2396 nam
708 2333 867 2417 sequentia
881 2354 943 2396 non
960 2332 1122 2396 eoheerent
1138 2354 1207 2396 enm

116 2442 276 2523 ἀνθρωπίνη
300 2443 361 2518 δίκη
385 2441 438 2506 sed
462 2464 532 2507 eum
555 2443 616 2509 οὐδὲ
635 2445 694 2525 νάρ
717 2443 813 2514 ὃθεθς.
849 2442 949 2508 Simili
972 2444 1044 2508 vitio
1068 2444 1209 2509 laborant

118 2554 213 2618 verha
241 2557 258 2640 q
290 2557 348 2618 10:
380 2553 436 2620 οὐδ’
467 2553 553 2619 αὐτὸν
583 2555 631 2619 τὸν
662 2554 746 2619 θέντα
769 2555 872 2618 ἴσασιν.
919 2554 978 2618 Sed
1002 2555 1076 2618 haee
1099 2578 1206 2640 parum

117 2665 248 2732 curabat
269 2665 386 2744 rhetor,
412 2665 465 2748 qui
488 2666 577 2728 unice
593 2687 677 2728 nunc
693 2665 882 2729 occasionem
898 2673 1000 2750 captat
1016 2665 1207 2730 describendi

118 2799 252 2864 poenas,
277 2799 355 2861 quae
378 2776 515 2860 quamvis
539 2776 651 2840 dilatae
674 2778 780 2840 noxios
804 2785 955 2841 maneant.
992 2777 1088 2841 Totus
1109 2784 1210 2841 autem

118 2889 175 2953 hie
196 2889 282 2952 loeus
306 2888 344 2953 de
367 2887 471 2951 divina
493 2888 628 2952 vindicta
651 2889 792 2952 convenit
817 2911 886 2952 eum
903 2888 1080 2953 Andocidea
1095 2892 1112 2974 d
1130 2891 1207 2954 137:

119 2999 337 3080 Κονιηγθρησαν
367 2998 396 3064 δέ
427 3023 483 3077 μου
516 3001 566 3064 καί
602 3001 663 3081 περί
695 3005 750 3064 πῶν
782 3005 952 3081 ναυκληριῶν
982 3000 1031 3065 καί
1063 3000 1125 3081 περί
1156 3010 1208 3075 πῆς

118 3110 281 3191 ἐμπορίοις,
304 3111 340 3180 ἀς
363 3108 421 3186 ἀρα
444 3110 468 3174 οἱ
491 3109 546 3174 θεοί
568 3134 607 3184 με
630 3111 662 3173 εἰι
681 3117 736 3174 τῶν
752 3110 882 3175 κινδύνων
897 3110 1036 3188 σιίσαιεν,
1060 3109 1106 3176 ίνα
1122 3113 1207 3176 ἐλθὼν

118 3223 218 3302 δεῦρο,
241 3224 277 3293 ὡς
300 3221 403 3299 ἔοικεν,
429 3221 484 3285 ὑπὸ
510 3222 651 3304 Κηφισίου
674 3224 855 3300 ἀπολοίμην,
881 3222 1047 3306 quodiam
1071 3223 1124 3286 alii
1148 3224 1210 3286 ani-

119 3330 369 3409 madverterunt,
391 3331 443 3394 sed
467 3331 558 3396 etiam
582 3354 651 3396 oum
674 3332 816 3418 Lycurgo
840 3334 908 3399 adv.
932 3334 1038 3399 Leoer.
1065 3337 1124 3398 91:
1149 3335 1211 3398 ἐπεί

119 3443 160 3508 ποί
186 3465 224 3519 γε
254 3442 357 3527 (vulgo
387 3468 425 3521 ys
457 3443 503 3527 τὸ)
535 3445 685 3508 κατελθεῖν
716 3451 834 3523 τοῦτον,
863 3443 943 3520 οἶμαι
966 3445 1024 3511 θεθν
1047 3445 1101 3510 τιν’
1125 3445 1211 3510 αὐτὸν

119 3552 174 3619 2⁹⁷!
197 3555 287 3639 αὐτὴν
308 3554 439 3630 ἀγαγεῖν
461 3556 513 3628 πην
535 3555 688 3637 τιμωρίαν,
713 3551 746 3618 ἵν’
770 3557 868 3631 ἐπειδη
891 3557 939 3621 τὸν
961 3559 1069 3622 εὐκλεά
1091 3556 1212 3620 κίνδυνον

119 3664 240 3746 ἔφυγε,
265 3670 315 3730 ποῦ
339 3666 460 3737 ἀιιλέους
482 3666 532 3730 καί
556 3664 658 3742 ἀδόξου
674 3666 797 3731 θανάπου
812 3667 909 3747 τύχοι.
933 3666 1105 3751 Ps.-Lysias
1120 3668 1138 3751 d
1155 3668 1210 3729 19:
1300 3670 1301 3674 ’

119 3779 136 3844 ὁ
166 3777 196 3841 δὲ
222 3776 281 3850 θεὸς
310 3778 423 3854 ὑπῆγεν
454 3778 555 3860 αὐτόν,
587 3774 633 3842 ίνα
663 3778 838 3860 ἀφικόμενος
869 3779 908 3850 είς
935 3779 975 3842 πά
1003 3779 1212 3859 ἀμαρσθμαπα

118 3889 175 3956 ἐπί
199 3898 236 3971 πη
267 3893 324 3971 ε’μη
356 3889 500 3972 προφάσει
534 3889 571 3970 δῷ
606 3889 710 3974 (vulgo
745 3889 810 3974 δῴη)
845 3890 933 3964 δίκην.
979 3889 1048 3956 Ἐπὶ
1084 3900 1121 3971 πῇ
1155 3892 1211 3968 ἐμῆ

117 4000 218 4086 φοίσει
242 4008 328 4066 acute
359 4000 510 4064 Sluiterus
541 4001 684 4077 coniecit,
717 4001 770 4064 sed
806 4001 888 4064 hand
923 4002 985 4065 scio
1020 4025 1058 4064 an
1093 4001 1142 4066 ἐπί
1176 4004 1221 4083 πη

117 4117 183 4195 ἐμῇ
204 4111 364 4194 προφάσει,
385 4117 603 4196 opportunitate
627 4136 645 4177 0
667 4136 713 4176 me
735 4115 808 4177 dete
831 4113 928 4177 nihilo
952 4113 1038 4198 peius
1060 4114 1100 4176 sit
1120 4135 1213 4196 quam

117 4223 283 4304 ἀφικέσθαι
321 4225 360 4295 εἰς
397 4224 439 4288 πά
476 4224 684 4304 ἀμαρπθμαπα
722 4247 778 4310 pro
815 4226 862 4289 ε’π1
901 4227 953 4299 πίρν
987 4225 1124 4305 τιμωρίαν
1158 4231 1213 4290 πῶν

118 4335 182 4415 ἀμ.
207 4334 254 4399 vel
277 4333 324 4400 ἕπί
346 4335 412 4406 τοὺς
442 4334 623 4412 ἠδικημένους
655 4335 704 4418 (of.
739 4338 809 4421 27),
841 4336 908 4399 iure
938 4336 1047 4400 merito
1078 4359 1095 4400 a
1125 4335 1213 4399 1111110

1074 4452 1094 4507 41
