2850 5024
679 433 742 494 238

162 635 217 690 τῶν
248 630 341 692 οιύτῶν
375 627 462 706 ἔργον
491 629 664 706 dardanae-cl
689 630 798 699 τούτοις
822 627 910 697 ὄντες.
938 628 989 689 25.
1016 629 1052 686 8:
1078 627 1127 687 οὐκ
1149 622 1255 700 ἐλοὶχι-

162 760 229 800 στον
260 739 288 799 ἐν
319 736 385 813 ὑμῖν
417 739 478 801 ἐστι
510 738 592 814 μέρος
622 741 658 807 ὡς
682 738 837 808 πλείστους
861 737 1008 812 ἐπιθυμεῖν
1031 739 1086 798 τῶν
1111 731 1256 812 ποιούντων

162 851 218 908 νυνὶ
250 845 446 924 προινριοὶτων.
493 846 540 910 cf.
574 847 661 911 Dem.
696 850 748 911 23.
783 849 856 910 126.
904 846 1071 922 Ἐπιθυροεῖν
1102 843 1150 905 his
1181 842 1257 904 locis

163 980 224 1020 non
255 957 369 1021 dieitur
397 979 508 1042 cupere
531 981 612 1036 rem,
639 981 700 1043 qua
723 982 842 1036 careas,
868 956 921 1021 sed
945 955 1105 1040 amplecti,
1130 952 1256 1035 diligere

163 1089 254 1151 quam
280 1067 401 1131 habeas.
449 1068 559 1152 Itaque
582 1068 683 1134 radron
708 1076 754 1132 est
777 1074 827 1133 τοῦ
854 1065 925 1132 εἷνοιι
950 1068 1085 1136 πολίτοις.

207 1179 223 1260 p
247 1179 277 1240 6.
324 1174 398 1241 οὗτοι
422 1178 501 1252 δῆλοί
523 1180 591 1242 εἰσιν
615 1177 657 1243 ὅτι
681 1178 717 1242 ἂν
740 1178 880 1259 ποιρέντες
896 1215 941 1226 -
956 1178 1068 1242 ἔλθοιεν.
1094 1171 1166 1236 Νοιι
1184 1170 1257 1234 alibi

163 1286 238 1349 mihi
262 1287 373 1350 lectum
400 1296 446 1350 est
469 1285 506 1351 ἄν
529 1289 666 1371 proxime
690 1295 760 1374 post
783 1284 824 1351 ἔτι
849 1285 1042 1370 (particulam
1061 1283 1256 1363 obiectivem)

163 1398 298 1479 positum
306 1423 314 1474 ς
348 1403 379 1460 et
409 1394 451 1461 ἔτι
483 1399 586 1460 minus
619 1396 712 1462 habet
743 1397 886 1483 ponderis
918 1418 1011 1482 quam
1039 1403 1075 1458 nt
1097 1392 1134 1457 ἄν
1164 1392 1202 1454 ad
1226 1415 1258 1455 se

163 1506 285 1569 trahere
308 1506 413 1590 possit.
462 1506 603 1570 Fortasse
627 1506 669 1571 ὅτι
693 1507 768 1587 τάχ’
792 1505 838 1571 ἄν.

208 1615 283 1678 Rem
308 1615 464 1699 publicam
488 1617 670 1700 proderent,
695 1617 798 1701 iuquit
821 1637 930 1701 porro,
953 1624 983 1678 et
1000 1615 1152 1699 privatum
1169 1633 1259 1696 quae-

164 1733 265 1787 rerent
297 1724 538 1787 emolumentum
568 1726 616 1790 aaa
649 1725 682 1791 τὸ
712 1727 755 1803 μὴ
786 1727 838 1798 τὴν
869 1727 951 1789 πόλιν
979 1725 1063 1788 οὶλλοὶ
1086 1726 1138 1788 τὴν
1161 1723 1260 1787 οὐτίοιν

164 1835 293 1914 ποιτριδιι
319 1835 432 1905 ἑοιντοῑς
457 1838 600 1912 parietur.
647 1835 769 1914 Patria,
794 1837 923 1920 opinor,
948 1842 995 1899 est
1017 1840 1118 1917 rapio,
1142 1833 1175 1895 in
1199 1853 1260 1914 qua

164 1944 232 2026 quis
265 1952 354 2007 natus
388 1954 433 2009 est
441 1972 450 2022 3
484 1969 566 2010 nnuc
594 1968 666 2031 opes
690 1948 837 2011 dicuntur
860 1947 922 2009 illis
947 1947 1045 2030 patria
1070 1966 1143 2008 esse.
1190 1943 1259 2005 Hoc

164 2053 321 2133 κακόζηλον
355 2063 419 2132 est,
452 2064 486 2118 ut
517 2055 600 2138 quod
623 2057 764 2120 maxime.
812 2057 914 2120 Possis
939 2056 1044 2119 eodem
1069 2056 1136 2117 inre
1159 2053 1258 2116 dicere

166 2163 294 2245 patriam
319 2186 383 2226 esse
408 2164 500 2227 alicui
524 2166 689 2248 pretiosam
712 2166 950 2250 supellectilem,
967 2166 1098 2240 liberos,
1116 2185 1258 2240 uxorem,
1330 2211 1337 2219 .

165 2293 367 2357 quaecunque
397 2281 555 2351 amentur;
580 2296 650 2337 nam
674 2275 753 2339 illnd
777 2276 927 2360 sineque
951 2276 1051 2359 patria
1074 2274 1173 2359 patria
1195 2295 1257 2336 non

166 2390 229 2458 est,
254 2383 286 2444 in
311 2381 367 2444 hac
390 2384 616 2466 comparatione
639 2384 831 2468 neglegitur3
856 2384 934 2447 nihil
959 2384 1058 2447 simile
1082 2392 1145 2461 est,
1164 2405 1256 2468 quam

165 2492 319 2568 studium,
345 2515 405 2575 quo
429 2500 559 2557 amatur.
607 2494 714 2557 Minus
739 2495 796 2557 hoe
820 2494 987 2558 offenderet
1014 2496 1047 2557 in
1070 2502 1178 2578 poeta,
1201 2493 1256 2577 qui

164 2601 331 2665 audaeibus
365 2604 549 2686 metaphoris
584 2604 771 2681 delectatur,
803 2605 855 2667 sed
888 2605 919 2667 in
949 2604 1053 2668 sedato
1077 2611 1108 2667 et
1131 2603 1256 2666 remisso

164 2732 302 2774 sermone
340 2713 468 2775 oratoris
508 2713 650 2796 putidum
690 2722 745 2778 est.
793 2713 884 2790 Fuit,
918 2737 1022 2803 quum
1045 2713 1168 2797 Lysiam
1200 2713 1257 2776 hae

164 2820 304 2883 affectata
335 2822 485 2905 elegantia
517 2822 645 2886 liberare
668 2845 810 2900 conarer,
836 2825 1008 2908 suspicatus
1032 2825 1063 2887 in
1087 2825 1138 2897 τὴν
1161 2823 1259 2887 οὐοίοιν

163 2929 258 2992 latere
280 2932 332 3005 τὴν
355 2938 523 3013 τυχοῦτοιν,
548 2941 619 2996 ante
644 2932 702 2997 hoc
726 2935 829 2998 autem
854 2935 1002 2998 excidisse
1024 2943 1081 3012 γῆν
1103 2936 1166 3007 τὴν.
1199 2932 1258 2996 Sed

164 3038 284 3102 frustra.
330 3039 401 3103 Non
426 3039 582 3104 dissimilis
607 3043 689 3105 enim
712 3043 822 3106 coloris
847 3043 1000 3127 estquod
1024 3043 1088 3121 περὶ
1115 3042 1257 3106 uacuam

163 3150 229 3231 (24)
257 3149 371 3232 legitur
399 3152 415 3234 p
448 3153 505 3213 14:
534 3152 547 3214 ὃ
570 3152 624 3228 μὲν
647 3153 706 3231 γὰρ
730 3151 824 3230 ὥσπερ
848 3154 999 3232 ἐπικλήρου
1022 3161 1075 3226 τῆς
1102 3155 1256 3232 συμφορᾶς

163 3262 248 3335 οὔσης
279 3263 514 3343 οέμφιςβντήτυν
545 3262 620 3339 ἥκει,
653 3264 736 3346 quod
765 3265 822 3328 etsi
855 3265 971 3328 lenitur
1003 3265 1028 3326 si
1052 3286 1119 3326 mea
1142 3263 1259 3328 coniec-

164 3379 233 3435 tura
264 3373 310 3454 (ὡς
342 3371 404 3449 περὶ
437 3374 485 3436 ε’π.
509 3381 562 3446 τῆς
586 3377 753 3458 συμφορᾶς)
777 3397 848 3438 vera
871 3383 934 3452 est,
958 3383 1061 3438 tamen
1085 3373 1159 3436 satis
1182 3373 1259 3435 mire

164 3480 292 3544 claudus
316 3504 369 3565 pes
393 3503 463 3546 oum
486 3483 549 3546 filia
565 3484 766 3547 haereditaria
781 3484 984 3569 componitur.
1017 3484 1055 3546 In
1072 3482 1255 3568 Epitaphio,

164 3613 253 3673 quem
286 3598 359 3655 sunt
391 3593 444 3674 qni
467 3591 577 3676 Lysiae
602 3593 778 3657 adscribant
801 3595 851 3676 (cf.
876 3594 904 3656 le
927 3593 1030 3670 Beau,
1054 3591 1163 3676 Lysias
1186 3591 1258 3676 Epi·

164 3702 284 3784 taphios
317 3702 361 3764 als
393 3703 463 3765 echt
494 3703 655 3781 erwiesen,
684 3702 856 3788 Stnttgart‚
885 3705 981 3787 1863)
1005 3705 1021 3787 p
1045 3704 1086 3764 66
1110 3702 1257 3785 leguntur

164 3811 255 3874 haee:
280 3809 358 3885 ἄξιον
381 3812 409 3875 δὲ
432 3812 481 3875 acl
505 3814 571 3884 τοὺς
593 3812 687 3887 ξένους
711 3816 777 3884 τοὺς
801 3814 897 3879 ε’νθοὶδε
921 3814 1066 3890 κειμένους
1086 3812 1253 3894 ἐποιινὲονοι,

162 3919 188 3984 οἳ
213 3925 253 4002 τῷ
277 3923 378 3995 πλήθει
400 3922 596 3997 βοηθήσοντες
620 3924 668 3986 axi
689 3924 753 4002 περὶ
776 3933 829 3997 τῆς
846 3925 989 4003 ἡμετέροις
1005 3924 1146 4004 σωτηρίοις
1157 3923 1257 4002 μοιχό-

163 4056 258 4107 μενοι,
283 4033 443 4110 ποιτρίδοι
465 4034 528 4106 τὴν
550 4035 680 4112 οὶρετίρν
705 4034 949 4116 ἡγησάμενοι,
974 4034 1110 4108 τοιοιύτιρν
1128 4039 1178 4097 τοῦ
1190 4034 1256 4109 βίον

162 4144 300 4215 τελευτὴν
320 4144 488 4216 ἐποιήοοντο
512 4145 532 4206 i.
558 4166 583 4207 e.
608 4166 663 4228 pro
689 4145 785 4228 patria
808 4145 845 4208 iis
869 4146 968 4208 virtus
991 4144 1069 4220 fuit3
1087 4143 1171 4228 quod
1187 4144 1255 4208 aliis

163 4254 278 4336 patriae
302 4255 402 4332 salus,
425 4255 458 4318 id
481 4256 542 4319 illis
566 4256 663 4320 virtus
688 4256 920 4340 praescribebat.
963 4254 1028 4318 Ista
1052 4254 1106 4339 qui
1129 4254 1252 4337 scripsit

163 4366 324 4430 manifesto
356 4376 496 4432 nostrum
526 4369 628 4433 locum
650 4377 797 4454 tanquam
820 4371 986 4452 Lyciorum
1009 4365 1048 4429 ob
1072 4366 1178 4428 oculos
1200 4366 1253 4430 ha-
