<?xml version="1.0" encoding="UTF-8"?>
<!DOCTYPE html PUBLIC "-//W3C//DTD XHTML 1.0 Transitional//EN"
    "http://www.w3.org/TR/xhtml1/DTD/xhtml1-transitional.dtd">
<html xmlns="http://www.w3.org/1999/xhtml" xml:lang="en" lang="en">
 <head>
  <title>
</title>
<meta http-equiv="Content-Type" content="text/html;charset=utf-8" />
  <meta name='ocr-system' content='tesseract 3.04.00' />
  <meta name='ocr-capabilities' content='ocr_page ocr_carea ocr_par ocr_line ocrx_word'/>
</head>
<body>
  <div class='ocr_page' id='page_1' title='image "./commentationesl00frangoog_0182.png"; bbox 0 0 2850 5024; ppageno 0'>
   <div class='ocr_carea' id='block_1_1' title="bbox 730 293 791 354">
    <p class='ocr_par' dir='ltr' id='par_1_1' title="bbox 730 293 791 354">
     <span class='ocr_line' id='line_1_1' title="bbox 730 293 791 354; baseline 0 -1"><span class='ocrx_word' id='word_1_1' title='bbox 730 293 791 354; x_wconf 89' lang='grc'>170</span> 
     </span>
    </p>
   </div>
   <div class='ocr_carea' id='block_1_2' title="bbox 213 483 1313 901">
    <p class='ocr_par' dir='ltr' id='par_1_2' title="bbox 213 483 1313 901">
     <span class='ocr_line' id='line_1_2' title="bbox 216 483 1312 570; baseline 0.009 -24"><span class='ocrx_word' id='word_1_2' title='bbox 216 483 291 547; x_wconf 93' lang='lat' dir='ltr'>dum</span> <span class='ocrx_word' id='word_1_3' title='bbox 313 486 413 560; x_wconf 77' lang='grc' dir='ltr'><em>ὁμοίιον</em></span> <span class='ocrx_word' id='word_1_4' title='bbox 435 523 481 534; x_wconf 94' lang='lat'><em>-</em></span> <span class='ocrx_word' id='word_1_5' title='bbox 502 494 562 556; x_wconf 76' lang='grc' dir='ltr'><em>τοῖς</em></span> <span class='ocrx_word' id='word_1_6' title='bbox 585 511 619 552; x_wconf 83' lang='grc' dir='ltr'>τ.</span> <span class='ocrx_word' id='word_1_7' title='bbox 643 487 686 562; x_wconf 75' lang='grc' dir='ltr'>ἠδ.</span> <span class='ocrx_word' id='word_1_8' title='bbox 710 489 730 550; x_wconf 89' lang='lat' dir='ltr'>i.</span> <span class='ocrx_word' id='word_1_9' title='bbox 756 511 781 551; x_wconf 88' lang='lat' dir='ltr'>e.</span> <span class='ocrx_word' id='word_1_10' title='bbox 795 486 855 552; x_wconf 78' lang='grc' dir='ltr'><em>οἵων</em></span> <span class='ocrx_word' id='word_1_11' title='bbox 868 490 945 565; x_wconf 81' lang='grc' dir='ltr'>ὑμῶν</span> <span class='ocrx_word' id='word_1_12' title='bbox 956 489 1155 570; x_wconf 73' lang='grc' dir='ltr'><em>τυγχάνουσιν</em></span> <span class='ocrx_word' id='word_1_13' title='bbox 1166 492 1191 555; x_wconf 75' lang='grc' dir='ltr'>οἱ</span> <span class='ocrx_word' id='word_1_14' title='bbox 1204 493 1312 556; x_wconf 74' lang='grc' dir='ltr'><em>πολλοὶ</em></span> 
     </span>
     <span class='ocr_line' id='line_1_3' title="bbox 216 594 1313 671; baseline 0.006 -14"><span class='ocrx_word' id='word_1_15' title='bbox 216 594 388 670; x_wconf 74' lang='grc' dir='ltr'><em>ἠδικηκότες.</em></span> <span class='ocrx_word' id='word_1_16' title='bbox 436 594 483 658; x_wconf 80' lang='lat' dir='ltr'>Of.</span> <span class='ocrx_word' id='word_1_17' title='bbox 516 594 595 660; x_wconf 88' lang='lat' dir='ltr'>Xan.</span> <span class='ocrx_word' id='word_1_18' title='bbox 627 596 700 659; x_wconf 89' lang='lat' dir='ltr'>Oec.</span> <span class='ocrx_word' id='word_1_19' title='bbox 736 600 786 660; x_wconf 87' lang='grc'>13.</span> <span class='ocrx_word' id='word_1_20' title='bbox 822 600 862 659; x_wconf 71' lang='grc'>12</span> <span class='ocrx_word' id='word_1_21' title='bbox 890 597 945 662; x_wconf 73' lang='grc' dir='ltr'>οὐδ’</span> <span class='ocrx_word' id='word_1_22' title='bbox 978 601 1133 664; x_wconf 74' lang='grc' dir='ltr'><em>ὁπωστιοῦν</em></span> <span class='ocrx_word' id='word_1_23' title='bbox 1162 607 1220 664; x_wconf 80' lang='grc' dir='ltr'>τῶν</span> <span class='ocrx_word' id='word_1_24' title='bbox 1242 598 1313 671; x_wconf 77' lang='grc' dir='ltr'><em>ἴτων</em></span> 
     </span>
     <span class='ocr_line' id='line_1_4' title="bbox 213 701 1311 792; baseline 0.006 -26"><span class='ocrx_word' id='word_1_25' title='bbox 213 701 284 776; x_wconf 57' lang='lat' dir='ltr'>aldid</span> <span class='ocrx_word' id='word_1_26' title='bbox 316 705 382 776; x_wconf 75' lang='grc' dir='ltr'><em>τοὺς</em></span> <span class='ocrx_word' id='word_1_27' title='bbox 413 705 546 782; x_wconf 78' lang='grc' dir='ltr'><em>οὶμείνονς</em></span> <span class='ocrx_word' id='word_1_28' title='bbox 577 713 636 778; x_wconf 75' lang='grc' dir='ltr'><em>τοῖς</em></span> <span class='ocrx_word' id='word_1_29' title='bbox 666 708 776 772; x_wconf 70' lang='lat' dir='ltr'>naalon</span> <span class='ocrx_word' id='word_1_30' title='bbox 804 709 984 787; x_wconf 65' lang='lat' dir='ltr'>romulaeis,</span> <span class='ocrx_word' id='word_1_31' title='bbox 1008 710 1041 772; x_wconf 92' lang='lat' dir='ltr'>in</span> <span class='ocrx_word' id='word_1_32' title='bbox 1065 709 1176 792; x_wconf 87' lang='lat' dir='ltr'>quibus</span> <span class='ocrx_word' id='word_1_33' title='bbox 1201 709 1311 773; x_wconf 87' lang='lat' dir='ltr'>eadem</span> 
     </span>
     <span class='ocr_line' id='line_1_5' title="bbox 213 812 1310 901; baseline 0.008 -27"><span class='ocrx_word' id='word_1_34' title='bbox 213 812 275 876; x_wconf 89' lang='lat' dir='ltr'>fere</span> <span class='ocrx_word' id='word_1_35' title='bbox 306 813 549 899; x_wconf 83' lang='lat' dir='ltr'>breviloquentia</span> <span class='ocrx_word' id='word_1_36' title='bbox 581 824 635 880; x_wconf 91' lang='lat' dir='ltr'>est.</span> <span class='ocrx_word' id='word_1_37' title='bbox 683 817 823 900; x_wconf 89' lang='lat' dir='ltr'>Denique</span> <span class='ocrx_word' id='word_1_38' title='bbox 855 819 872 900; x_wconf 63' lang='lat' dir='ltr'>d</span> <span class='ocrx_word' id='word_1_39' title='bbox 901 820 940 883; x_wconf 78' lang='grc'>27</span> <span class='ocrx_word' id='word_1_40' title='bbox 973 840 1027 901; x_wconf 90' lang='lat' dir='ltr'>pro</span> <span class='ocrx_word' id='word_1_41' title='bbox 1060 821 1116 894; x_wconf 72' lang='grc' dir='ltr'>ἐγὼ</span> <span class='ocrx_word' id='word_1_42' title='bbox 1146 818 1175 882; x_wconf 76' lang='grc' dir='ltr'>δὲ</span> <span class='ocrx_word' id='word_1_43' title='bbox 1198 820 1310 885; x_wconf 82' lang='grc' dir='ltr'><em>τούτων</em></span> 
     </span>
    </p>
   </div>
   <div class='ocr_carea' id='block_1_3' title="bbox 215 922 1412 1013">
    <p class='ocr_par' dir='ltr' id='par_1_3' title="bbox 215 922 1412 1013">
     <span class='ocr_line' id='line_1_6' title="bbox 215 922 1412 1013; baseline 0.006 -28"><span class='ocrx_word' id='word_1_44' title='bbox 215 922 282 998; x_wconf 77' lang='grc' dir='ltr'><em>ὑμῖν</em></span> <span class='ocrx_word' id='word_1_45' title='bbox 305 924 403 1002; x_wconf 78' lang='grc' dir='ltr'><em>τυχών</em></span> <span class='ocrx_word' id='word_1_46' title='bbox 426 945 495 988; x_wconf 91' lang='lat' dir='ltr'>cum</span> <span class='ocrx_word' id='word_1_47' title='bbox 512 924 695 989; x_wconf 88' lang='lat' dir='ltr'>Marklando</span> <span class='ocrx_word' id='word_1_48' title='bbox 712 926 778 1010; x_wconf 90' lang='lat' dir='ltr'>lege</span> <span class='ocrx_word' id='word_1_49' title='bbox 793 928 924 991; x_wconf 82' lang='grc' dir='ltr'><em>τοιούτων</em></span> <span class='ocrx_word' id='word_1_50' title='bbox 941 928 1018 1003; x_wconf 76' lang='grc' dir='ltr'><em>ὑμῶν</em></span> <span class='ocrx_word' id='word_1_51' title='bbox 1034 929 1141 1007; x_wconf 80' lang='grc' dir='ltr'><em>τυχών.</em></span> <span class='ocrx_word' id='word_1_52' title='bbox 1165 927 1212 991; x_wconf 82' lang='lat' dir='ltr'>Of.</span> <span class='ocrx_word' id='word_1_53' title='bbox 1229 932 1246 1013; x_wconf 69' lang='lat' dir='ltr'>q</span> <span class='ocrx_word' id='word_1_54' title='bbox 1263 931 1307 991; x_wconf 79' lang='grc'>23</span> <span class='ocrx_word' id='word_1_55' title='bbox 1410 989 1412 992; x_wconf 86' lang='grc'>.</span> 
     </span>
    </p>
   </div>
   <div class='ocr_carea' id='block_1_4' title="bbox 200 1031 1324 4068">
    <p class='ocr_par' dir='ltr' id='par_1_4' title="bbox 200 1031 1324 4068">
     <span class='ocr_line' id='line_1_7' title="bbox 214 1031 1273 1119; baseline 0.007 -25"><span class='ocrx_word' id='word_1_56' title='bbox 214 1031 272 1095; x_wconf 88' lang='lat' dir='ltr'>sub</span> <span class='ocrx_word' id='word_1_57' title='bbox 295 1033 316 1094; x_wconf 88' lang='lat' dir='ltr'>f.</span> <span class='ocrx_word' id='word_1_58' title='bbox 341 1039 373 1095; x_wconf 90' lang='lat' dir='ltr'>et</span> <span class='ocrx_word' id='word_1_59' title='bbox 397 1036 448 1097; x_wconf 86' lang='grc'>18.</span> <span class='ocrx_word' id='word_1_60' title='bbox 474 1037 525 1097; x_wconf 78' lang='lat'>23.</span> <span class='ocrx_word' id='word_1_61' title='bbox 550 1072 595 1083; x_wconf 91' lang='lat'><em>-</em></span> <span class='ocrx_word' id='word_1_62' title='bbox 617 1037 634 1118; x_wconf 64' lang='lat' dir='ltr'>p</span> <span class='ocrx_word' id='word_1_63' title='bbox 657 1037 697 1099; x_wconf 73' lang='lat'>27</span> <span class='ocrx_word' id='word_1_64' title='bbox 723 1057 779 1119; x_wconf 92' lang='lat' dir='ltr'>pro</span> <span class='ocrx_word' id='word_1_65' title='bbox 803 1037 881 1116; x_wconf 76' lang='grc' dir='ltr'><em>τούτῷ</em></span> <span class='ocrx_word' id='word_1_66' title='bbox 906 1035 1158 1100; x_wconf 86' lang='lat' dir='ltr'>substituendum</span> <span class='ocrx_word' id='word_1_67' title='bbox 1182 1038 1273 1117; x_wconf 79' lang='grc' dir='ltr'><em>οιὺτῷ.</em></span> 
     </span>
     <span class='ocr_line' id='line_1_8' title="bbox 257 1140 1308 1230; baseline 0.007 -27"><span class='ocrx_word' id='word_1_68' title='bbox 257 1140 376 1226; x_wconf 89' lang='lat' dir='ltr'>Lepida</span> <span class='ocrx_word' id='word_1_69' title='bbox 406 1150 436 1206; x_wconf 90' lang='lat' dir='ltr'>et</span> <span class='ocrx_word' id='word_1_70' title='bbox 466 1144 568 1208; x_wconf 90' lang='lat' dir='ltr'>iocosa</span> <span class='ocrx_word' id='word_1_71' title='bbox 599 1146 631 1209; x_wconf 95' lang='lat' dir='ltr'>in</span> <span class='ocrx_word' id='word_1_72' title='bbox 655 1145 712 1208; x_wconf 91' lang='lat' dir='ltr'>hac</span> <span class='ocrx_word' id='word_1_73' title='bbox 735 1146 872 1209; x_wconf 90' lang='lat' dir='ltr'>oratione</span> <span class='ocrx_word' id='word_1_74' title='bbox 894 1147 1096 1209; x_wconf 88' lang='lat' dir='ltr'>inveniuntur</span> <span class='ocrx_word' id='word_1_75' title='bbox 1118 1169 1190 1209; x_wconf 90' lang='lat' dir='ltr'>sane</span> <span class='ocrx_word' id='word_1_76' title='bbox 1214 1168 1308 1230; x_wconf 87' lang='lat' dir='ltr'>quae·</span> 
     </span>
     <span class='ocr_line' id='line_1_9' title="bbox 212 1249 1307 1340; baseline 0.005 -28"><span class='ocrx_word' id='word_1_77' title='bbox 212 1249 291 1313; x_wconf 89' lang='lat' dir='ltr'>dam.</span> <span class='ocrx_word' id='word_1_78' title='bbox 336 1250 440 1330; x_wconf 81' lang='lat' dir='ltr'>Quum</span> <span class='ocrx_word' id='word_1_79' title='bbox 464 1253 496 1316; x_wconf 92' lang='lat' dir='ltr'>in</span> <span class='ocrx_word' id='word_1_80' title='bbox 520 1275 612 1316; x_wconf 90' lang='lat' dir='ltr'>eausa</span> <span class='ocrx_word' id='word_1_81' title='bbox 634 1276 697 1317; x_wconf 92' lang='lat' dir='ltr'>non</span> <span class='ocrx_word' id='word_1_82' title='bbox 714 1254 893 1338; x_wconf 86' lang='lat' dir='ltr'>gravissima</span> <span class='ocrx_word' id='word_1_83' title='bbox 909 1262 1066 1317; x_wconf 86' lang='lat' dir='ltr'>accusator</span> <span class='ocrx_word' id='word_1_84' title='bbox 1081 1255 1183 1318; x_wconf 84' lang='lat' dir='ltr'>fatuus</span> <span class='ocrx_word' id='word_1_85' title='bbox 1199 1256 1307 1340; x_wconf 88' lang='lat' dir='ltr'>inepta</span> 
     </span>
     <span class='ocr_line' id='line_1_10' title="bbox 211 1361 1304 1447; baseline 0.003 -24"><span class='ocrx_word' id='word_1_86' title='bbox 211 1361 322 1443; x_wconf 92' lang='lat' dir='ltr'>partim</span> <span class='ocrx_word' id='word_1_87' title='bbox 346 1369 525 1446; x_wconf 87' lang='lat' dir='ltr'>argumenta</span> <span class='ocrx_word' id='word_1_88' title='bbox 548 1363 719 1440; x_wconf 72' lang='lat' dir='ltr'>attulisset,</span> <span class='ocrx_word' id='word_1_89' title='bbox 744 1385 806 1426; x_wconf 94' lang='lat' dir='ltr'>non</span> <span class='ocrx_word' id='word_1_90' title='bbox 830 1364 907 1427; x_wconf 90' lang='lat' dir='ltr'>serio</span> <span class='ocrx_word' id='word_1_91' title='bbox 923 1364 1025 1426; x_wconf 87' lang='lat' dir='ltr'>omnia</span> <span class='ocrx_word' id='word_1_92' title='bbox 1041 1364 1198 1447; x_wconf 76' lang='lat' dir='ltr'>redarguit</span> <span class='ocrx_word' id='word_1_93' title='bbox 1214 1386 1304 1441; x_wconf 87' lang='lat' dir='ltr'>reus,</span> 
     </span>
     <span class='ocr_line' id='line_1_11' title="bbox 212 1469 1303 1553; baseline 0.003 -21"><span class='ocrx_word' id='word_1_94' title='bbox 212 1469 265 1533; x_wconf 87' lang='lat' dir='ltr'>sed</span> <span class='ocrx_word' id='word_1_95' title='bbox 289 1471 459 1534; x_wconf 87' lang='lat' dir='ltr'>adversario</span> <span class='ocrx_word' id='word_1_96' title='bbox 482 1493 538 1535; x_wconf 85' lang='lat' dir='ltr'>suo</span> <span class='ocrx_word' id='word_1_97' title='bbox 562 1472 687 1535; x_wconf 91' lang='lat' dir='ltr'>irridere</span> <span class='ocrx_word' id='word_1_98' title='bbox 710 1471 822 1534; x_wconf 89' lang='lat' dir='ltr'>studet.</span> <span class='ocrx_word' id='word_1_99' title='bbox 869 1471 933 1550; x_wconf 75' lang='lat' dir='ltr'>Qui</span> <span class='ocrx_word' id='word_1_100' title='bbox 957 1494 1051 1553; x_wconf 91' lang='lat' dir='ltr'>quum</span> <span class='ocrx_word' id='word_1_101' title='bbox 1077 1471 1303 1548; x_wconf 82' lang='lat' dir='ltr'>contendisset,</span> 
     </span>
     <span class='ocr_line' id='line_1_12' title="bbox 211 1580 1305 1664; baseline 0.002 -22"><span class='ocrx_word' id='word_1_102' title='bbox 211 1600 296 1643; x_wconf 90' lang='lat' dir='ltr'>reum</span> <span class='ocrx_word' id='word_1_103' title='bbox 327 1603 390 1643; x_wconf 92' lang='lat' dir='ltr'>non</span> <span class='ocrx_word' id='word_1_104' title='bbox 413 1603 477 1644; x_wconf 89' lang='lat' dir='ltr'>esse</span> <span class='ocrx_word' id='word_1_105' title='bbox 500 1603 630 1664; x_wconf 82' lang='lat' dir='ltr'>egenum</span> <span class='ocrx_word' id='word_1_106' title='bbox 653 1581 833 1663; x_wconf 72' lang='grc' dir='ltr'>(ἀδύνατον),</span> <span class='ocrx_word' id='word_1_107' title='bbox 859 1580 943 1664; x_wconf 92' lang='lat' dir='ltr'>quod</span> <span class='ocrx_word' id='word_1_108' title='bbox 967 1602 1036 1644; x_wconf 89' lang='lat' dir='ltr'>cum</span> <span class='ocrx_word' id='word_1_109' title='bbox 1060 1580 1207 1645; x_wconf 86' lang='lat' dir='ltr'>divitibus</span> <span class='ocrx_word' id='word_1_110' title='bbox 1232 1603 1305 1645; x_wconf 89' lang='lat' dir='ltr'>oon-</span> 
     </span>
     <span class='ocr_line' id='line_1_13' title="bbox 211 1687 1304 1772; baseline 0.002 -21"><span class='ocrx_word' id='word_1_111' title='bbox 211 1687 407 1753; x_wconf 89' lang='lat' dir='ltr'>suetudinem</span> <span class='ocrx_word' id='word_1_112' title='bbox 438 1689 578 1765; x_wconf 90' lang='lat' dir='ltr'>haberet,</span> <span class='ocrx_word' id='word_1_113' title='bbox 615 1689 692 1752; x_wconf 85' lang='lat' dir='ltr'>alter</span> <span class='ocrx_word' id='word_1_114' title='bbox 723 1689 884 1772; x_wconf 85' lang='lat' dir='ltr'>detorquet</span> <span class='ocrx_word' id='word_1_115' title='bbox 915 1689 1158 1753; x_wconf 76' lang='lat' dir='ltr'>criminationem</span> <span class='ocrx_word' id='word_1_116' title='bbox 1189 1690 1234 1753; x_wconf 90' lang='lat' dir='ltr'>sic</span> <span class='ocrx_word' id='word_1_117' title='bbox 1265 1698 1304 1754; x_wconf 92' lang='lat' dir='ltr'>ut</span> 
     </span>
     <span class='ocr_line' id='line_1_14' title="bbox 210 1797 1303 1880; baseline 0.001 -19"><span class='ocrx_word' id='word_1_118' title='bbox 210 1798 291 1862; x_wconf 88' lang='lat' dir='ltr'>dicat</span> <span class='ocrx_word' id='word_1_119' title='bbox 314 1823 345 1862; x_wconf 90' lang='lat' dir='ltr'>se</span> <span class='ocrx_word' id='word_1_120' title='bbox 367 1799 509 1864; x_wconf 74' lang='grc' dir='ltr'><em>οὶδύνοιτον</em></span> <span class='ocrx_word' id='word_1_121' title='bbox 532 1821 594 1862; x_wconf 92' lang='lat' dir='ltr'>non</span> <span class='ocrx_word' id='word_1_122' title='bbox 618 1798 723 1862; x_wconf 90' lang='lat' dir='ltr'>haberi</span> <span class='ocrx_word' id='word_1_123' title='bbox 745 1799 817 1880; x_wconf 89' lang='lat' dir='ltr'>quia</span> <span class='ocrx_word' id='word_1_124' title='bbox 839 1798 984 1861; x_wconf 89' lang='lat' dir='ltr'>nimirum</span> <span class='ocrx_word' id='word_1_125' title='bbox 1005 1797 1153 1873; x_wconf 73' lang='grc' dir='ltr'>ἠδύναντο</span> <span class='ocrx_word' id='word_1_126' title='bbox 1175 1807 1303 1864; x_wconf 82' lang='grc' dir='ltr'><em>οννεῖνοιι</em></span> 
     </span>
     <span class='ocr_line' id='line_1_15' title="bbox 209 1907 1302 1993; baseline -0.002 -21"><span class='ocrx_word' id='word_1_127' title='bbox 209 1909 412 1987; x_wconf 71' lang='grc' dir='ltr'><em>δυναμένοις</em></span> <span class='ocrx_word' id='word_1_128' title='bbox 443 1911 470 1993; x_wconf 65' lang='lat' dir='ltr'>(q</span> <span class='ocrx_word' id='word_1_129' title='bbox 498 1911 529 1992; x_wconf 86' lang='lat'>5)</span> <span class='ocrx_word' id='word_1_130' title='bbox 537 1935 546 1986; x_wconf 75' lang='lat'>3</span> <span class='ocrx_word' id='word_1_131' title='bbox 571 1930 664 1992; x_wconf 93' lang='lat' dir='ltr'>quum</span> <span class='ocrx_word' id='word_1_132' title='bbox 690 1908 844 1971; x_wconf 89' lang='lat' dir='ltr'>obiectum</span> <span class='ocrx_word' id='word_1_133' title='bbox 868 1915 946 1970; x_wconf 91' lang='lat' dir='ltr'>esset</span> <span class='ocrx_word' id='word_1_134' title='bbox 970 1929 1049 1990; x_wconf 92' lang='lat' dir='ltr'>equo</span> <span class='ocrx_word' id='word_1_135' title='bbox 1073 1907 1203 1973; x_wconf 86' lang='lat' dir='ltr'>subinde</span> <span class='ocrx_word' id='word_1_136' title='bbox 1227 1908 1302 1972; x_wconf 86' lang='lat' dir='ltr'>vehi</span> 
     </span>
     <span class='ocr_line' id='line_1_16' title="bbox 207 2016 1301 2102; baseline 0.001 -22"><span class='ocrx_word' id='word_1_137' title='bbox 207 2040 307 2095; x_wconf 91' lang='lat' dir='ltr'>reum,</span> <span class='ocrx_word' id='word_1_138' title='bbox 339 2019 408 2094; x_wconf 90' lang='lat' dir='ltr'>ille,</span> <span class='ocrx_word' id='word_1_139' title='bbox 436 2018 545 2095; x_wconf 92' lang='lat' dir='ltr'>miror,</span> <span class='ocrx_word' id='word_1_140' title='bbox 570 2019 689 2102; x_wconf 92' lang='lat' dir='ltr'>inquit,</span> <span class='ocrx_word' id='word_1_141' title='bbox 713 2029 920 2080; x_wconf 81' lang='lat' dir='ltr'>accusatorem</span> <span class='ocrx_word' id='word_1_142' title='bbox 942 2017 1019 2080; x_wconf 91' lang='lat' dir='ltr'>mihi</span> <span class='ocrx_word' id='word_1_143' title='bbox 1041 2040 1103 2081; x_wconf 93' lang='lat' dir='ltr'>non</span> <span class='ocrx_word' id='word_1_144' title='bbox 1126 2018 1201 2081; x_wconf 88' lang='lat' dir='ltr'>vitio</span> <span class='ocrx_word' id='word_1_145' title='bbox 1226 2016 1301 2081; x_wconf 90' lang='lat' dir='ltr'>dare</span> 
     </span>
     <span class='ocr_line' id='line_1_17' title="bbox 207 2123 1299 2212; baseline -0.001 -21"><span class='ocrx_word' id='word_1_146' title='bbox 207 2128 291 2212; x_wconf 90' lang='lat' dir='ltr'>quod</span> <span class='ocrx_word' id='word_1_147' title='bbox 322 2128 442 2191; x_wconf 89' lang='lat' dir='ltr'>duobus</span> <span class='ocrx_word' id='word_1_148' title='bbox 473 2127 590 2191; x_wconf 85' lang='lat' dir='ltr'>baculis</span> <span class='ocrx_word' id='word_1_149' title='bbox 621 2127 739 2190; x_wconf 88' lang='lat' dir='ltr'>innisus</span> <span class='ocrx_word' id='word_1_150' title='bbox 770 2126 964 2210; x_wconf 87' lang='lat' dir='ltr'>progrediar,</span> <span class='ocrx_word' id='word_1_151' title='bbox 995 2149 1066 2190; x_wconf 89' lang='lat' dir='ltr'>cum</span> <span class='ocrx_word' id='word_1_152' title='bbox 1095 2149 1157 2191; x_wconf 92' lang='lat' dir='ltr'>uno</span> <span class='ocrx_word' id='word_1_153' title='bbox 1180 2123 1299 2210; x_wconf 82' lang='lat' dir='ltr'>possim</span> 
     </span>
     <span class='ocr_line' id='line_1_18' title="bbox 208 2235 1299 2321; baseline -0.001 -22"><span class='ocrx_word' id='word_1_154' title='bbox 208 2237 235 2321; x_wconf 68' lang='lat' dir='ltr'>(q</span> <span class='ocrx_word' id='word_1_155' title='bbox 266 2238 338 2319; x_wconf 72' lang='lat' dir='ltr'>la),</span> <span class='ocrx_word' id='word_1_156' title='bbox 368 2239 460 2315; x_wconf 89' lang='lat' dir='ltr'>mihi,</span> <span class='ocrx_word' id='word_1_157' title='bbox 488 2237 607 2321; x_wconf 91' lang='lat' dir='ltr'>inquit,</span> <span class='ocrx_word' id='word_1_158' title='bbox 632 2237 840 2300; x_wconf 88' lang='lat' dir='ltr'>infirmitatem</span> <span class='ocrx_word' id='word_1_159' title='bbox 864 2236 981 2299; x_wconf 88' lang='lat' dir='ltr'>invidet</span> <span class='ocrx_word' id='word_1_160' title='bbox 1004 2244 1179 2313; x_wconf 90' lang='lat' dir='ltr'>accusator,</span> <span class='ocrx_word' id='word_1_161' title='bbox 1204 2235 1299 2299; x_wconf 91' lang='lat' dir='ltr'>etde</span> 
     </span>
     <span class='ocr_line' id='line_1_19' title="bbox 206 2344 1299 2430; baseline -0.001 -22"><span class='ocrx_word' id='word_1_162' title='bbox 206 2345 315 2409; x_wconf 89' lang='lat' dir='ltr'>claudo</span> <span class='ocrx_word' id='word_1_163' title='bbox 343 2348 419 2430; x_wconf 91' lang='lat' dir='ltr'>pede</span> <span class='ocrx_word' id='word_1_164' title='bbox 447 2353 595 2429; x_wconf 89' lang='lat' dir='ltr'>tanquam</span> <span class='ocrx_word' id='word_1_165' title='bbox 622 2346 660 2409; x_wconf 87' lang='lat' dir='ltr'>de</span> <span class='ocrx_word' id='word_1_166' title='bbox 682 2346 745 2409; x_wconf 91' lang='lat' dir='ltr'>filia</span> <span class='ocrx_word' id='word_1_167' title='bbox 769 2344 971 2409; x_wconf 86' lang='lat' dir='ltr'>haereditaria</span> <span class='ocrx_word' id='word_1_168' title='bbox 993 2345 1127 2424; x_wconf 84' lang='lat' dir='ltr'>rixatur,</span> <span class='ocrx_word' id='word_1_169' title='bbox 1151 2344 1204 2408; x_wconf 91' lang='lat' dir='ltr'>sed</span> <span class='ocrx_word' id='word_1_170' title='bbox 1228 2367 1299 2408; x_wconf 88' lang='lat' dir='ltr'>sua·</span> 
     </span>
     <span class='ocr_line' id='line_1_20' title="bbox 206 2435 1296 2538; baseline -0.002 -20"><span class='ocrx_word' id='word_1_171' title='bbox 206 2454 263 2519; x_wconf 88' lang='lat' dir='ltr'>deo</span> <span class='ocrx_word' id='word_1_172' title='bbox 285 2455 349 2534; x_wconf 90' lang='lat' dir='ltr'>illi,</span> <span class='ocrx_word' id='word_1_173' title='bbox 373 2462 469 2520; x_wconf 90' lang='lat' dir='ltr'>utne</span> <span class='ocrx_word' id='word_1_174' title='bbox 492 2456 551 2520; x_wconf 86' lang='lat' dir='ltr'>sibi</span> <span class='ocrx_word' id='word_1_175' title='bbox 573 2463 691 2520; x_wconf 89' lang='lat' dir='ltr'>constet</span> <span class='ocrx_word' id='word_1_176' title='bbox 714 2455 919 2538; x_wconf 89' lang='lat' dir='ltr'>claudumque</span> <span class='ocrx_word' id='word_1_177' title='bbox 939 2455 997 2519; x_wconf 88' lang='lat' dir='ltr'>sibi</span> <span class='ocrx_word' id='word_1_178' title='bbox 1017 2455 1151 2519; x_wconf 88' lang='lat' dir='ltr'>vindicet</span> <span class='ocrx_word' id='word_1_179' title='bbox 1169 2435 1296 2538; x_wconf 88' lang='lat' dir='ltr'>pedem,</span> 
     </span>
     <span class='ocr_line' id='line_1_21' title="bbox 204 2562 1297 2646; baseline -0.002 -18"><span class='ocrx_word' id='word_1_180' title='bbox 204 2586 242 2628; x_wconf 93' lang='lat' dir='ltr'>ne</span> <span class='ocrx_word' id='word_1_181' title='bbox 274 2565 312 2628; x_wconf 91' lang='lat' dir='ltr'>ab</span> <span class='ocrx_word' id='word_1_182' title='bbox 339 2565 493 2629; x_wconf 89' lang='lat' dir='ltr'>archontis</span> <span class='ocrx_word' id='word_1_183' title='bbox 516 2587 640 2628; x_wconf 94' lang='lat' dir='ltr'>munere</span> <span class='ocrx_word' id='word_1_184' title='bbox 664 2564 805 2628; x_wconf 88' lang='lat' dir='ltr'>obeundo</span> <span class='ocrx_word' id='word_1_185' title='bbox 830 2562 1011 2627; x_wconf 84' lang='lat' dir='ltr'>excludatur</span> <span class='ocrx_word' id='word_1_186' title='bbox 1035 2565 1062 2646; x_wconf 64' lang='lat' dir='ltr'>(p</span> <span class='ocrx_word' id='word_1_187' title='bbox 1087 2567 1149 2646; x_wconf 77' lang='lat'>14).</span> <span class='ocrx_word' id='word_1_188' title='bbox 1173 2562 1297 2626; x_wconf 77' lang='lat' dir='ltr'>Festina</span> 
     </span>
     <span class='ocr_line' id='line_1_22' title="bbox 203 2672 1297 2758; baseline -0.004 -20"><span class='ocrx_word' id='word_1_189' title='bbox 203 2675 278 2738; x_wconf 88' lang='lat' dir='ltr'>haec</span> <span class='ocrx_word' id='word_1_190' title='bbox 306 2697 395 2753; x_wconf 89' lang='lat' dir='ltr'>sane,</span> <span class='ocrx_word' id='word_1_191' title='bbox 423 2675 476 2738; x_wconf 90' lang='lat' dir='ltr'>sed</span> <span class='ocrx_word' id='word_1_192' title='bbox 499 2697 563 2738; x_wconf 89' lang='lat' dir='ltr'>rem</span> <span class='ocrx_word' id='word_1_193' title='bbox 586 2695 781 2758; x_wconf 78' lang='lat' dir='ltr'>exaggerasse</span> <span class='ocrx_word' id='word_1_194' title='bbox 804 2681 879 2756; x_wconf 91' lang='lat' dir='ltr'>puto</span> <span class='ocrx_word' id='word_1_195' title='bbox 903 2672 1214 2748; x_wconf 83' lang='lat' dir='ltr'>Rauohensteinium,</span> <span class='ocrx_word' id='word_1_196' title='bbox 1241 2672 1297 2754; x_wconf 88' lang='lat' dir='ltr'>qui</span> 
     </span>
     <span class='ocr_line' id='line_1_23' title="bbox 202 2781 1296 2869; baseline -0.004 -23"><span class='ocrx_word' id='word_1_197' title='bbox 202 2784 354 2869; x_wconf 85' lang='lat' dir='ltr'>specimen</span> <span class='ocrx_word' id='word_1_198' title='bbox 375 2782 531 2847; x_wconf 87' lang='lat' dir='ltr'>vernaculi</span> <span class='ocrx_word' id='word_1_199' title='bbox 554 2783 665 2866; x_wconf 92' lang='lat' dir='ltr'>leporis</span> <span class='ocrx_word' id='word_1_200' title='bbox 689 2782 824 2846; x_wconf 84' lang='lat' dir='ltr'>admixta</span> <span class='ocrx_word' id='word_1_201' title='bbox 848 2782 997 2865; x_wconf 87' lang='lat' dir='ltr'>gravitate</span> <span class='ocrx_word' id='word_1_202' title='bbox 1021 2781 1114 2845; x_wconf 92' lang='lat' dir='ltr'>simul</span> <span class='ocrx_word' id='word_1_203' title='bbox 1137 2790 1167 2845; x_wconf 91' lang='lat' dir='ltr'>et</span> <span class='ocrx_word' id='word_1_204' title='bbox 1190 2781 1296 2844; x_wconf 88' lang='lat' dir='ltr'>nativa</span> 
     </span>
     <span class='ocr_line' id='line_1_24' title="bbox 202 2890 1296 2978; baseline -0.002 -22"><span class='ocrx_word' id='word_1_205' title='bbox 202 2893 398 2978; x_wconf 87' lang='lat' dir='ltr'>simplicitate</span> <span class='ocrx_word' id='word_1_206' title='bbox 422 2901 452 2956; x_wconf 92' lang='lat' dir='ltr'>et</span> <span class='ocrx_word' id='word_1_207' title='bbox 473 2892 645 2976; x_wconf 88' lang='lat' dir='ltr'>petulantia</span> <span class='ocrx_word' id='word_1_208' title='bbox 668 2896 831 2974; x_wconf 86' lang='lat' dir='ltr'>agnoscat,</span> <span class='ocrx_word' id='word_1_209' title='bbox 857 2912 918 2974; x_wconf 91' lang='lat' dir='ltr'>quo</span> <span class='ocrx_word' id='word_1_210' title='bbox 942 2890 1147 2974; x_wconf 89' lang='lat' dir='ltr'>praestantius</span> <span class='ocrx_word' id='word_1_211' title='bbox 1170 2911 1233 2955; x_wconf 90' lang='lat' dir='ltr'>non</span> <span class='ocrx_word' id='word_1_212' title='bbox 1253 2891 1296 2954; x_wconf 84' lang='lat' dir='ltr'>fa-</span> 
     </span>
     <span class='ocr_line' id='line_1_25' title="bbox 203 2998 1294 3084; baseline -0.004 -18"><span class='ocrx_word' id='word_1_213' title='bbox 203 3002 260 3067; x_wconf 88' lang='lat' dir='ltr'>cile</span> <span class='ocrx_word' id='word_1_214' title='bbox 284 3001 353 3084; x_wconf 89' lang='lat' dir='ltr'>quis</span> <span class='ocrx_word' id='word_1_215' title='bbox 377 3003 558 3064; x_wconf 87' lang='lat' dir='ltr'>inventurus</span> <span class='ocrx_word' id='word_1_216' title='bbox 582 3002 623 3063; x_wconf 86' lang='lat' dir='ltr'>sit</span> <span class='ocrx_word' id='word_1_217' title='bbox 646 3003 789 3084; x_wconf 83' lang='lat' dir='ltr'>(prooem.</span> <span class='ocrx_word' id='word_1_218' title='bbox 815 2999 853 3062; x_wconf 90' lang='lat' dir='ltr'>ad</span> <span class='ocrx_word' id='word_1_219' title='bbox 878 2998 956 3062; x_wconf 91' lang='lat' dir='ltr'>hanc</span> <span class='ocrx_word' id='word_1_220' title='bbox 976 3007 1051 3064; x_wconf 87' lang='lat' dir='ltr'>orat.</span> <span class='ocrx_word' id='word_1_221' title='bbox 1073 2999 1130 3063; x_wconf 88' lang='lat' dir='ltr'>sub</span> <span class='ocrx_word' id='word_1_222' title='bbox 1152 2999 1221 3062; x_wconf 81' lang='lat' dir='ltr'>fin:</span> <span class='ocrx_word' id='word_1_223' title='bbox 1238 3022 1294 3075; x_wconf 85' lang='lat' dir='ltr'>„es</span> 
     </span>
     <span class='ocr_line' id='line_1_26' title="bbox 202 3105 1295 3191; baseline -0.005 -15"><span class='ocrx_word' id='word_1_224' title='bbox 202 3113 243 3176; x_wconf 90' lang='lat' dir='ltr'>ist</span> <span class='ocrx_word' id='word_1_225' title='bbox 265 3112 351 3175; x_wconf 89' lang='lat' dir='ltr'>nicht</span> <span class='ocrx_word' id='word_1_226' title='bbox 373 3109 467 3173; x_wconf 88' lang='lat' dir='ltr'>leicht</span> <span class='ocrx_word' id='word_1_227' title='bbox 490 3109 558 3171; x_wconf 92' lang='lat' dir='ltr'>eine</span> <span class='ocrx_word' id='word_1_228' title='bbox 581 3107 749 3191; x_wconf 83' lang='lat' dir='ltr'>Mischung</span> <span class='ocrx_word' id='word_1_229' title='bbox 771 3128 831 3170; x_wconf 88' lang='lat' dir='ltr'>von</span> <span class='ocrx_word' id='word_1_230' title='bbox 852 3105 1026 3190; x_wconf 81' lang='lat' dir='ltr'>Lustigem,</span> <span class='ocrx_word' id='word_1_231' title='bbox 1050 3107 1201 3184; x_wconf 90' lang='lat' dir='ltr'>Derbem,</span> <span class='ocrx_word' id='word_1_232' title='bbox 1218 3106 1295 3170; x_wconf 81' lang='lat' dir='ltr'>Ern-</span> 
     </span>
     <span class='ocr_line' id='line_1_27' title="bbox 200 3216 1293 3305; baseline -0.005 -19"><span class='ocrx_word' id='word_1_233' title='bbox 200 3229 296 3305; x_wconf 87' lang='lat' dir='ltr'>stem,</span> <span class='ocrx_word' id='word_1_234' title='bbox 319 3219 450 3284; x_wconf 83' lang='lat' dir='ltr'>Naivem</span> <span class='ocrx_word' id='word_1_235' title='bbox 473 3218 552 3281; x_wconf 88' lang='lat' dir='ltr'>auch</span> <span class='ocrx_word' id='word_1_236' title='bbox 575 3218 632 3280; x_wconf 90' lang='lat' dir='ltr'>mit</span> <span class='ocrx_word' id='word_1_237' title='bbox 656 3218 754 3281; x_wconf 90' lang='lat' dir='ltr'>einem</span> <span class='ocrx_word' id='word_1_238' title='bbox 779 3217 945 3300; x_wconf 87' lang='lat' dir='ltr'>Anspruoh</span> <span class='ocrx_word' id='word_1_239' title='bbox 970 3216 1026 3279; x_wconf 87' lang='lat' dir='ltr'>auf</span> <span class='ocrx_word' id='word_1_240' title='bbox 1047 3216 1101 3280; x_wconf 90' lang='lat' dir='ltr'>das</span> <span class='ocrx_word' id='word_1_241' title='bbox 1123 3216 1293 3280; x_wconf 81' lang='lat' dir='ltr'>Riihrende</span> 
     </span>
     <span class='ocr_line' id='line_1_28' title="bbox 200 3326 1324 3397; baseline -0.007 0"><span class='ocrx_word' id='word_1_242' title='bbox 200 3356 238 3397; x_wconf 85' lang='lat' dir='ltr'>nu</span> <span class='ocrx_word' id='word_1_243' title='bbox 261 3331 360 3395; x_wconf 91' lang='lat' dir='ltr'>einem</span> <span class='ocrx_word' id='word_1_244' title='bbox 384 3330 449 3393; x_wconf 89' lang='lat' dir='ltr'>sich</span> <span class='ocrx_word' id='word_1_245' title='bbox 473 3351 506 3392; x_wconf 88' lang='lat' dir='ltr'>so</span> <span class='ocrx_word' id='word_1_246' title='bbox 530 3329 625 3392; x_wconf 75' lang='lat' dir='ltr'>sehon</span> <span class='ocrx_word' id='word_1_247' title='bbox 650 3326 892 3391; x_wconf 87' lang='lat' dir='ltr'>bestimmenden</span> <span class='ocrx_word' id='word_1_248' title='bbox 917 3327 1042 3391; x_wconf 86' lang='lat' dir='ltr'>Ganzen</span> <span class='ocrx_word' id='word_1_249' title='bbox 1066 3348 1293 3390; x_wconf 77' lang='lat' dir='ltr'>zusammennu-</span> <span class='ocrx_word' id='word_1_250' title='bbox 1322 3345 1324 3348; x_wconf 73' lang='grc'>’</span> 
     </span>
     <span class='ocr_line' id='line_1_29' title="bbox 201 3434 1291 3520; baseline -0.007 -14"><span class='ocrx_word' id='word_1_251' title='bbox 201 3442 336 3506; x_wconf 86' lang='lat' dir='ltr'>arbeiten</span> <span class='ocrx_word' id='word_1_252' title='bbox 371 3440 436 3503; x_wconf 90' lang='lat' dir='ltr'>und</span> <span class='ocrx_word' id='word_1_253' title='bbox 473 3441 562 3503; x_wconf 89' lang='lat' dir='ltr'>einen</span> <span class='ocrx_word' id='word_1_254' title='bbox 593 3460 626 3500; x_wconf 93' lang='lat' dir='ltr'>so</span> <span class='ocrx_word' id='word_1_255' title='bbox 659 3435 940 3520; x_wconf 78' lang='lat' dir='ltr'>eigenthdmlichen</span> <span class='ocrx_word' id='word_1_256' title='bbox 970 3434 1140 3499; x_wconf 82' lang='lat' dir='ltr'>Charakter</span> <span class='ocrx_word' id='word_1_257' title='bbox 1169 3436 1226 3498; x_wconf 90' lang='lat' dir='ltr'>mit</span> <span class='ocrx_word' id='word_1_258' title='bbox 1257 3457 1291 3499; x_wconf 88' lang='lat' dir='ltr'>so</span> 
     </span>
     <span class='ocr_line' id='line_1_30' title="bbox 200 3543 1292 3629; baseline -0.01 -12"><span class='ocrx_word' id='word_1_259' title='bbox 200 3551 369 3617; x_wconf 87' lang='lat' dir='ltr'>schlichten</span> <span class='ocrx_word' id='word_1_260' title='bbox 400 3548 523 3612; x_wconf 88' lang='lat' dir='ltr'>Mitteln</span> <span class='ocrx_word' id='word_1_261' title='bbox 559 3545 806 3628; x_wconf 85' lang='lat' dir='ltr'>daruustellen&#39;&#39;).</span> <span class='ocrx_word' id='word_1_262' title='bbox 855 3543 984 3608; x_wconf 85' lang='lat' dir='ltr'>Subtilis</span> <span class='ocrx_word' id='word_1_263' title='bbox 1016 3545 1165 3629; x_wconf 82' lang='lat' dir='ltr'>elegantia</span> <span class='ocrx_word' id='word_1_264' title='bbox 1188 3551 1219 3606; x_wconf 90' lang='lat' dir='ltr'>et</span> <span class='ocrx_word' id='word_1_265' title='bbox 1242 3566 1292 3606; x_wconf 91' lang='lat' dir='ltr'>ur-</span> 
     </span>
     <span class='ocr_line' id='line_1_31' title="bbox 200 3653 1293 3741; baseline -0.01 -15"><span class='ocrx_word' id='word_1_266' title='bbox 200 3663 319 3727; x_wconf 91' lang='lat' dir='ltr'>banitas</span> <span class='ocrx_word' id='word_1_267' title='bbox 350 3658 480 3723; x_wconf 89' lang='lat' dir='ltr'>orationi</span> <span class='ocrx_word' id='word_1_268' title='bbox 508 3657 597 3741; x_wconf 90' lang='lat' dir='ltr'>plane</span> <span class='ocrx_word' id='word_1_269' title='bbox 621 3657 723 3731; x_wconf 77' lang='lat' dir='ltr'>deest,</span> <span class='ocrx_word' id='word_1_270' title='bbox 747 3653 806 3717; x_wconf 90' lang='lat' dir='ltr'>ioci</span> <span class='ocrx_word' id='word_1_271' title='bbox 831 3659 934 3716; x_wconf 90' lang='lat' dir='ltr'>autem</span> <span class='ocrx_word' id='word_1_272' title='bbox 956 3653 1058 3716; x_wconf 90' lang='lat' dir='ltr'>minus</span> <span class='ocrx_word' id='word_1_273' title='bbox 1081 3653 1171 3736; x_wconf 87' lang='lat' dir='ltr'>politi</span> <span class='ocrx_word' id='word_1_274' title='bbox 1195 3653 1293 3716; x_wconf 87' lang='lat' dir='ltr'>delec-</span> 
     </span>
     <span class='ocr_line' id='line_1_32' title="bbox 201 3761 1292 3852; baseline -0.01 -16"><span class='ocrx_word' id='word_1_275' title='bbox 201 3781 265 3836; x_wconf 87' lang='lat' dir='ltr'>tare</span> <span class='ocrx_word' id='word_1_276' title='bbox 295 3791 367 3834; x_wconf 86' lang='lat' dir='ltr'>sane</span> <span class='ocrx_word' id='word_1_277' title='bbox 398 3775 527 3852; x_wconf 87' lang='lat' dir='ltr'>possunt</span> <span class='ocrx_word' id='word_1_278' title='bbox 558 3773 589 3830; x_wconf 90' lang='lat' dir='ltr'>et</span> <span class='ocrx_word' id='word_1_279' title='bbox 619 3786 727 3829; x_wconf 87' lang='lat' dir='ltr'>causae</span> <span class='ocrx_word' id='word_1_280' title='bbox 758 3761 918 3847; x_wconf 88' lang='lat' dir='ltr'>prodesse,</span> <span class='ocrx_word' id='word_1_281' title='bbox 951 3763 976 3824; x_wconf 90' lang='lat' dir='ltr'>si</span> <span class='ocrx_word' id='word_1_282' title='bbox 1000 3771 1146 3846; x_wconf 85' lang='lat' dir='ltr'>tanquam</span> <span class='ocrx_word' id='word_1_283' title='bbox 1168 3763 1200 3825; x_wconf 89' lang='lat' dir='ltr'>in</span> <span class='ocrx_word' id='word_1_284' title='bbox 1223 3765 1292 3846; x_wconf 91' lang='lat' dir='ltr'>ipso</span> 
     </span>
     <span class='ocr_line' id='line_1_33' title="bbox 201 3870 1291 4024; baseline -0.01 -79"><span class='ocrx_word' id='word_1_285' title='bbox 201 3880 346 3945; x_wconf 89' lang='lat' dir='ltr'>orationis</span> <span class='ocrx_word' id='word_1_286' title='bbox 377 3885 531 3942; x_wconf 89' lang='lat' dir='ltr'>momento</span> <span class='ocrx_word' id='word_1_287' title='bbox 555 3875 620 3939; x_wconf 87' lang='lat' dir='ltr'>nati</span> <span class='ocrx_word' id='word_1_288' title='bbox 642 3875 814 4024; x_wconf 66' lang='lat' dir='ltr'>finqantur,</span> <span class='ocrx_word' id='word_1_289' title='bbox 843 3870 897 3935; x_wconf 88' lang='lat' dir='ltr'>sed</span> <span class='ocrx_word' id='word_1_290' title='bbox 920 3873 945 3934; x_wconf 88' lang='lat' dir='ltr'>si</span> <span class='ocrx_word' id='word_1_291' title='bbox 968 3872 1128 3936; x_wconf 79' lang='lat' dir='ltr'>manifesto</span> <span class='ocrx_word' id='word_1_292' title='bbox 1152 3871 1291 3936; x_wconf 86' lang='lat' dir='ltr'>adhibito</span> 
     </span>
     <span class='ocr_line' id='line_1_34' title="bbox 202 3981 1292 4068; baseline -0.01 -13"><span class='ocrx_word' id='word_1_293' title='bbox 202 3991 322 4068; x_wconf 91' lang='lat' dir='ltr'>studio,</span> <span class='ocrx_word' id='word_1_294' title='bbox 344 3997 379 4052; x_wconf 87' lang='lat' dir='ltr'>ut·</span> <span class='ocrx_word' id='word_1_295' title='bbox 406 3989 438 4051; x_wconf 92' lang='lat' dir='ltr'>in</span> <span class='ocrx_word' id='word_1_296' title='bbox 462 3987 518 4050; x_wconf 91' lang='lat' dir='ltr'>hac</span> <span class='ocrx_word' id='word_1_297' title='bbox 542 3984 695 4059; x_wconf 91' lang='lat' dir='ltr'>oratione,</span> <span class='ocrx_word' id='word_1_298' title='bbox 719 3981 912 4066; x_wconf 85' lang='lat' dir='ltr'>proferantur</span> <span class='ocrx_word' id='word_1_299' title='bbox 935 3982 1034 4045; x_wconf 89' lang='lat' dir='ltr'>verbis</span> <span class='ocrx_word' id='word_1_300' title='bbox 1054 4005 1112 4045; x_wconf 92' lang='lat' dir='ltr'>usu</span> <span class='ocrx_word' id='word_1_301' title='bbox 1135 3987 1292 4045; x_wconf 87' lang='lat' dir='ltr'>oratorum</span> 
     </span>
    </p>
   </div>
   <div class='ocr_carea' id='block_1_5' title="bbox 200 4089 1292 4286">
    <p class='ocr_par' dir='ltr' id='par_1_5' title="bbox 200 4089 1292 4286">
     <span class='ocr_line' id='line_1_35' title="bbox 200 4089 1290 4183; baseline -0.01 -18"><span class='ocrx_word' id='word_1_302' title='bbox 200 4102 263 4165; x_wconf 83' lang='lat' dir='ltr'>fere</span> <span class='ocrx_word' id='word_1_303' title='bbox 285 4099 431 4183; x_wconf 87' lang='lat' dir='ltr'>receptis,</span> <span class='ocrx_word' id='word_1_304' title='bbox 456 4096 611 4159; x_wconf 84' lang='lat' dir='ltr'>dissensus</span> <span class='ocrx_word' id='word_1_305' title='bbox 636 4091 761 4176; x_wconf 87' lang='lat' dir='ltr'>quidam</span> <span class='ocrx_word' id='word_1_306' title='bbox 779 4089 899 4153; x_wconf 83' lang='lat' dir='ltr'>exsistit</span> <span class='ocrx_word' id='word_1_307' title='bbox 916 4091 995 4154; x_wconf 90' lang='lat' dir='ltr'>inter</span> <span class='ocrx_word' id='word_1_308' title='bbox 1017 4093 1175 4156; x_wconf 89' lang='lat' dir='ltr'>materiam</span> <span class='ocrx_word' id='word_1_309' title='bbox 1199 4099 1290 4175; x_wconf 91' lang='lat' dir='ltr'>atque</span> 
     </span>
     <span class='ocr_line' id='line_1_36' title="bbox 201 4198 1292 4286; baseline -0.01 -11"><span class='ocrx_word' id='word_1_310' title='bbox 201 4211 345 4286; x_wconf 85' lang='lat' dir='ltr'>formam,</span> <span class='ocrx_word' id='word_1_311' title='bbox 371 4215 406 4271; x_wconf 91' lang='lat' dir='ltr'>ut</span> <span class='ocrx_word' id='word_1_312' title='bbox 428 4205 544 4269; x_wconf 87' lang='lat' dir='ltr'>nescias</span> <span class='ocrx_word' id='word_1_313' title='bbox 568 4203 686 4266; x_wconf 90' lang='lat' dir='ltr'>serione</span> <span class='ocrx_word' id='word_1_314' title='bbox 710 4198 857 4282; x_wconf 87' lang='lat' dir='ltr'>quaedam</span> <span class='ocrx_word' id='word_1_315' title='bbox 881 4221 920 4262; x_wconf 89' lang='lat' dir='ltr'>an</span> <span class='ocrx_word' id='word_1_316' title='bbox 944 4201 1010 4264; x_wconf 88' lang='lat' dir='ltr'>ioco</span> <span class='ocrx_word' id='word_1_317' title='bbox 1027 4201 1177 4266; x_wconf 87' lang='lat' dir='ltr'>dicantur.</span> <span class='ocrx_word' id='word_1_318' title='bbox 1203 4198 1292 4265; x_wconf 86' lang='lat' dir='ltr'>Dica-</span> 
     </span>
    </p>
   </div>
   <div class='ocr_carea' id='block_1_6' title="bbox 0 0 1430 5024">
    <p class='ocr_par' dir='ltr' id='par_1_6' title="bbox 0 0 1430 5024">
     <span class='ocr_line' id='line_1_37' title="bbox 0 0 1430 5024; baseline 0 5"><span class='ocrx_word' id='word_1_319' title='bbox 0 0 1430 5024; x_wconf 95' lang='lat' dir='ltr'> </span> 
     </span>
    </p>
   </div>
  </div>
 </body>
</html>
