2850 5024
691 392 752 452 138

181 587 304 651 verbum
328 589 453 674 aliquod
477 590 573 672 (velut
596 591 695 675 ipsum
720 591 799 654 illud
821 594 999 676 άναλίσκειν)
1023 602 1077 656 aut
1100 593 1265 658 substanti·

178 721 249 761 vum
276 707 346 763 ante
373 700 412 772 είς
434 701 491 771 τάς
513 707 582 772 ναῦς
606 702 766 784 (ἐπιβάτας
790 711 843 765 aut
867 704 945 787 sim.)
969 703 1118 767 desidero.

223 810 261 873 In
291 811 329 874 iis
356 833 434 894 quae
465 820 637 895 sequuntur
659 815 676 897 t
701 816 739 874 10
760 816 834 876 άλλ’
853 811 909 879 θσοι
932 813 979 878 καί
1003 815 1044 878 τά
1068 819 1193 894 πατρῷα
1215 815 1262 881 καί

150 979 152 984 .
176 920 213 984 άν
242 922 274 986 τί
303 924 384 986 ποθεν
414 923 546 1000 λάβωσιν
577 926 616 995 είς
638 926 694 995 τάς
718 925 879 1004 αἰσχίστας
903 926 1002 1000 ἡδονάς
1025 925 1173 1002 εἰθισμένοι
1195 925 1263 990 εἰσίν

176 1032 359 1104 ἀναλίσκειν,
390 1034 422 1096 iu
454 1034 557 1097 codice
589 1034 686 1098 Palat.
710 1058 765 1120 pro
788 1035 920 1111 λάβωσιν
927 1087 936 1117 ,
961 1037 1044 1120 quod
1068 1061 1105 1100 ex
1128 1038 1263 1102 Lauren·

174 1145 258 1208 tiano
289 1152 441 1222 sumtum,
474 1156 520 1208 est
550 1149 591 1222 μη
619 1148 708 1213 δοῦσιν.
756 1147 792 1210 Iu
817 1157 1011 1214 ΜΗΔΩΟΙΝ
1035 1149 1110 1213 latet
1134 1151 1262 1213 fortasse

174 1265 371 1324 ΜΤΔΩΤΙΟ
394 1260 414 1322 i.
440 1282 464 1321 e.
489 1259 607 1339 μεταδῷ
630 1283 684 1330 τις.

217 1371 234 1453 ᾧ
258 1372 308 1432 13.
356 1369 446 1433 Pater
468 1393 554 1434 meus
579 1369 703 1469 Qonone
728 1356 825 1434 meam
848 1393 979 1434 sororem
1006 1381 1129 1457 petente
1145 1373 1261 1445 ἐσείσθη

173 1480 266 1544 δοῦναι
292 1481 496 1564 (Νικοφήμῳ),
526 1482 576 1544 οῦκ
598 1482 674 1551 εἰδὼς
699 1483 750 1554 την
773 1481 906 1558 ἐσομένην
928 1482 1084 1558 διαβολήν,
1105 1485 1187 1549 άλλ’
1206 1481 1262 1546 θτε

172 1592 221 1655 καί
246 1592 323 1669 ῦμῦν
346 1593 470 1664 θστιςοῦν
490 1593 525 1656 άν
545 1594 656 1662 ἐκείνοις
677 1592 779 1668 ἠξίωσε
799 1594 937 1668 κηδεστάς
958 1595 1100 1671 reverta.
1114 1635 1160 1652 -ι
1173 1595 1261 1660 Ἀλλ’

172 1703 219 1768 θ’τε
243 1703 414 1769 emendatio
439 1713 485 1769 est
508 1703 634 1768 Sluiteri
657 1705 798 1768 omnibus
822 1728 904 1769 nuno
927 1707 1069 1790 probata;
1095 1707 1148 1771 sed
1166 1731 1261 1791 quum

171 1816 361 1900 superiorum
391 1817 435 1878 vis
466 1816 594 1879 causalis
624 1818 723 1899 (quarm
745 1839 800 1880 non
825 1820 963 1898 uerteret)
987 1826 1017 1880 et
1040 1819 1185 1883 iunctura
1208 1843 1261 1904 per

170 1927 241 1991 άλλ’
270 1926 317 1992 θτε
348 1939 508 2012 propterea
539 1929 640 1992 miuus
664 1936 735 2013 apta
757 1930 814 2006 sit,
839 1951 901 1992 non
926 1940 1001 2014 puto
1025 1931 1057 1993 in
1082 1954 1117 1994 ea
1140 1933 1260 2016 acquie-

169 2039 325 2103 scendum.
360 2039 518 2104 Palatinus
535 2039 634 2112 άλλως
652 2067 703 2117 τε,
722 2040 804 2124 quod
822 2041 911 2126 plane
931 2041 980 2104 hio
997 2041 1110 2106 dieitur
1126 2053 1161 2106 ut
1180 2047 1208 2108 7.
1223 2047 1257 2108 6:

169 2147 243 2214 ὥστε
266 2156 325 2224 τοῖς
350 2151 386 2215 άν
409 2152 523 2223 δικαίας
547 2154 615 2231 ὑπὲρ
638 2159 693 2217 τῦν
716 2163 752 2234 τῇ
777 2153 858 2216 πόλει
882 2157 1082 2230 γεγενημένων
1106 2164 1259 2236 συμφοράν

169 2262 226 2337 ἐγὼ
255 2263 311 2327 νυνί
343 2263 419 2338 δίκην
450 2264 565 2338 ereren
598 2262 696 2335 άλλως
727 2290 761 2328 τε
791 2266 841 2328 καί
872 2271 955 2328 τοῦτο
986 2265 1018 2329 τὸ
1040 2267 1142 2346 χωρίον
1165 2272 1195 2333 ἐν
1218 2272 1257 2350 τῷ

168 2375 285 2454 πολέμῳ
316 2375 449 2451 δημευθὲν
481 2374 598 2454 άερκτον
629 2374 661 2451 ἦν
692 2383 776 2439 τλεῖν
800 2376 817 2451 ἢ
840 2378 906 2456 τρία
929 2377 990 2450 ἔτη.
1038 2381 1090 2440 28.
1117 2383 1151 2441 5:
1176 2377 1256 2456 οἶμαι

165 2485 189 2547 θ’
213 2485 310 2562 ἔγωγε
338 2487 453 2557 πάντας
478 2485 535 2570 (θον)
560 2488 637 2562 ὑμαῖς
660 2489 839 2563 ὁμολογῆσαι
863 2525 907 2536 —-
930 2489 1016 2553 οὐδέν’
1040 2487 1076 2552 άν
1101 2491 1180 2566 ὑμῶν
1195 2494 1255 2556 ε’τι-

165 2598 269 2678 eptem
293 2600 348 2669 τάς
372 2604 441 2671 ναῦς
465 2601 567 2663 ἐκεῖνον
590 2600 686 2678 ἔχοντ’
711 2603 887 2664 ἐκπλεῦσαι.
912 2601 1010 2674 άλλιος
1035 2627 1068 2665 τε
1091 2603 1141 2666 καί
1158 2604 1255 2679 ἐπειδη
1287 2677 1289 2679 ,

164 2708 284 2790 τάχισθ’
315 2710 396 2783 ὑμεῖς
427 2708 611 2791 ἐψηφίσασθε
637 2710 678 2774 τά
701 2713 847 2791 χρήματα
869 2713 1253 2793 άτονράφαι-Ἐογοκλης

92 2874 94 2879 .
165 2822 252 2899 ἔλενε
274 2847 299 2886 κ.
323 2847 349 2886 τ.
373 2823 394 2884 ἑ.
419 2824 586 2903 (accedebat
605 2824 698 2904 quod,
722 2829 750 2886 et
774 2826 952 2907 praetereo).

209 2938 225 3019 ᾧ
251 2937 300 2997 18.
347 2935 441 3013 ἐκείνῳ
471 2934 525 3010 μὲν
555 2934 614 3013 γάρ
643 2927 681 3006 ἦν
703 2934 743 2997 τά
767 2934 856 2997 αὑτοῦ
880 2934 1034 3015 πράττειν,
1058 2940 1189 3013 „licebat
1210 2940 1253 3003 illi

164 3071 211 3112 res
228 3071 298 3110 suas
315 3047 434 3132 agere.''
468 3044 541 3109 Non
558 3047 615 3109 hoo
632 3046 797 3128 requiritur
806 3072 815 3124 3
836 3046 889 3109 sed
902 3051 1057 3131 ῳθαοοῦοί,
1074 3051 1252 3136 sufficiebat.

164 3159 304 3223 Fortasse
328 3157 359 3234 ἦν
382 3159 492 3221 litteris
517 3157 700 3242 quibusdam
724 3157 859 3221 evanidis
883 3160 999 3222 exstitit
1024 3184 1060 3224 ex
1078 3162 1249 3243 ’ἩρεσκεΝ,

162 3294 217 3356 pro
248 3271 348 3351 ἤρεσκε
378 3269 501 3352 scripto.
547 3267 586 3331 In
618 3269 695 3331 haue
719 3270 923 3334 coniecturam
947 3271 1106 3335 Dobreum
1129 3295 1251 3357 quoque

163 3381 304 3446 incidisse
327 3362 425 3443 video.

205 3495 222 3577 ᾧ
248 3495 296 3556 15.
344 3489 493 3555 Versatur
517 3492 739 3575 argumentatio
762 3493 795 3554 in
818 3515 871 3569 eo,
896 3501 931 3555 ut
953 3503 1113 3577 appareat,
1133 3503 1249 3580 patrem

162 3605 245 3680 ciue,
278 3604 332 3686 qui
361 3624 482 3666 oausam
513 3601 604 3679 dicit,
636 3625 699 3665 non
722 3614 846 3686 propter
870 3602 992 3667 divitias
1015 3605 1107 3669 filiam
1133 3607 1250 3678 Aristo·

161 3716 256 3800 pharii
280 3715 459 3791 collocasse;
484 3714 516 3777 in
541 3737 631 3798 quam
656 3722 773 3798 partem
789 3714 864 3777 dioit
880 3723 981 3778 orator
997 3725 1067 3800 post
1082 3718 1142 3781 alia
1157 3719 1248 3784 haee:

160 3829 216 3899 τάς
239 3828 329 3892 τοίνυν
352 3829 428 3903 ἐμάς
448 3826 585 3906 άδελφάς
608 3827 756 3890 ε’θελθντιον
779 3832 859 3890 τινοῖν
881 3828 989 3904 λαβεῖν
1005 3828 1155 3910 άτροίκονς
1172 3833 1250 3897 τάνυ

82 3956 91 3972 ·
161 3940 320 4019 πλουσίαν,
336 3940 386 4002 οῦκ
402 3939 501 4002 ἔδακεν
513 3977 558 3985 -
566 3987 575 4014 ,
592 3938 677 4001 άλλά
691 3939 743 4010 την
758 3937 812 4014 μὲν
825 3939 978 4020 Φιλομήλῳ
990 3943 1029 4020 τῳ
1041 3952 1179 4008 Παιανιεῖ
1188 3985 1232 3993 -
1240 3995 1249 4023 ,

161 4052 211 4124 την
235 4051 264 4113 δὲ
287 4049 386 4124 τθνητι
410 4049 594 4128 γεγενημένῳ
617 4052 648 4112 οῦ
672 4048 718 4113 διά
741 4049 863 4129 κακίαν,
888 4050 1036 4131 άθελφιθῷ
1058 4052 1091 4115 δὲ
1112 4057 1250 4137 Φαίδρῳ

161 4162 231 4227 θντι
266 4163 519 4244 Μαρῥινονσίῳ,
558 4162 667 4234 ἐπιδοὺς
698 4160 916 4240 τετταράκοντα
946 4159 1049 4240 μναῖς,Ι
1073 4166 1132 4229 καί
1164 4167 1250 4248 Ἀρι-

161 4276 332 4354 στοφάνει
357 4273 393 4338 τὸ
417 4272 497 4338 ἴσον.
545 4271 617 4335 Non
640 4272 761 4336 videtur
784 4271 821 4335 ad
845 4295 980 4338 sororem.
1001 4277 1146 4354 oratorie,
1172 4301 1251 4363 quae

160 4394 258 4473 nupta
277 4385 376 4450 fuerat
395 4384 612 4468 Aristophani,
635 4384 782 4468 respicere
806 4406 894 4468 posse
918 4394 1019 4449 orator
1026 4414 1034 4464 ;
1060 4389 1092 4452 in
1108 4412 1143 4452 ea
1159 4392 1250 4455 collo·
