2850 5024
679 390 742 448 211

160 592 191 654 in
222 595 331 652 senatu
362 588 562 672 disceptatam
586 586 703 662 luisse,
729 584 813 667 quod
837 607 932 669 quum
957 587 1041 654 fieret
1064 588 1096 650 in
1120 589 1259 665 elrayyr-

160 707 237 772 οίοος
261 699 379 783 (Meier.
405 704 436 760 et
460 696 600 759 Schoem.
626 694 664 788 de
688 693 758 757 Lite
783 697 847 758 Att.
873 718 903 779 p.
929 698 1024 780 265),
1043 697 1121 760 hanc
1138 719 1260 780 quoque

162 812 312 874 actionem
343 808 536 886 εἷςοογγελίοοο
567 806 678 888 ᾗιίεεοι
694 805 873 890 putaverim.
921 805 1031 889 Neque
1056 807 1136 870 enim
1160 807 1261 889 agitur

162 920 343 1005 simpliciter
365 919 403 980 de
427 915 598 980 rationibus
622 937 683 977 non
707 913 836 977 redditis
861 916 977 997 (γραφὴ
1000 917 1152 999 drayton),
1178 914 1261 998 quod

163 1031 254 1115 vulgo
279 1030 461 1112 interpretes
486 1031 647 1101 statuunt,
672 1023 725 1086 sed
749 1023 787 1086 de
810 1030 961 1108 potestate
977 1033 1083 1090 contra
1098 1026 1180 1110 leges
1197 1048 1263 1109 pro-

163 1146 280 1216 tracta,
304 1138 343 1201 dc
366 1136 565 1220 magistratus
590 1133 772 1197 auctoritate
796 1139 908 1198 temere
932 1143 1086 1219 arrogata3
1110 1136 1192 1219 quod
1208 1135 1265 1198 cri-

165 1273 234 1314 men
258 1250 331 1313 satis
356 1254 404 1311 est
426 1268 572 1330 magnum
596 1241 626 1308 et
649 1267 770 1322 rarum,
795 1252 830 1308 ut
852 1245 1015 1328 peculiaris
1039 1246 1093 1309 illa
1109 1246 1263 1309 accusatio

165 1360 202 1423 de
221 1383 256 1423 eo
276 1360 466 1422 instituatur.
496 1356 712 1440 inscriptionis
735 1357 852 1420 εὐθυνῶν
877 1358 1040 1438 κοιτηγορίοο
1064 1357 1181 1421 nullam
1198 1378 1263 1418 esse

165 1470 380 1533 auctoritatem
402 1489 510 1538 vomnes
535 1473 678 1529 statuunt
702 1466 894 1551 interpretes.

208 1581 256 1642 De
281 1584 462 1663 argumento
487 1577 634 1640 orationis
659 1585 689 1640 et
713 1576 914 1661 dispositione
938 1584 1008 1660 post
1032 1598 1086 1653 ea,
1111 1597 1190 1659 quae
1213 1574 1266 1637 alii

165 1691 225 1754 iam
249 1697 437 1753 monuerunt·
460 1687 604 1771 (Bergk,
629 1686 776 1770 Weyers,
800 1687 999 1771 Homolion),
1024 1709 1087 1750 non
1111 1692 1158 1748 est
1182 1683 1265 1767 quod

169 1801 267 1863 fusius
291 1800 352 1861 iam
377 1818 536 1882 exponam.
575 1796 687 1878 Itaque
710 1796 793 1859 dicta
811 1796 974 1860 sufficiant.
1011 1795 1071 1859 Sed
1087 1794 1125 1858 de
1142 1801 1266 1857 auctore

168 1907 386 1992 quaerendum.
430 1905 654 1988 Harpocration
677 1928 705 1968 r.
730 1905 855 1981 εὀτοβολή
879 1944 924 1954 -
947 1908 1030 1987 napa
1053 1907 1152 1986 Λοοίοο
1174 1906 1203 1968 ἕο
1226 1907 1267 1984 τῷ

168 2020 249 2084 narrt
272 2016 493 2097 Νοκομοιχοῗου,
518 2016 542 2078 εἱ
566 2017 682 2093 γνήσιος
705 2015 719 2078 ὃ
742 2015 840 2091 λόγος.
873 2016 937 2080 Ubi
953 2018 1030 2101 quin
1045 2023 1151 2079 nostra
1168 2016 1266 2078 oratio

169 2128 376 2213 significetur,
401 2125 521 2188 collatis
544 2127 577 2209 §b
600 2128 619 2187 3
645 2131 682 2187 et'
703 2128 741 2188 ll
767 2124 899 2188 dubium
919 2149 1067 2190 essenon
1088 2132 1198 2210 potest.
1227 2125 1268 2189 Et

169 2240 270 2323 ipsum
294 2236 420 2320 quidem
443 2235 698 2320 Harpocrationis
722 2234 872 2299 iudicium
895 2259 958 2300 non
979 2236 1197 2320 magnifacio,
1215 2236 1268 2300 sed

170 2356 243 2412 sunt
266 2349 298 2411 in
323 2347 474 2424 oratione,
500 2368 579 2430 quae
602 2345 733 2428 speciem
749 2345 885 2430 aliquam
901 2346 975 2409 huic
992 2346 1180 2410 dubitationi
1197 2368 1267 2410 con-

171 2459 285 2522 cilient.
332 2457 383 2520 lta
413 2464 531 2540 praeter
562 2478 597 2518 ea
628 2477 706 2538 quae
737 2456 898 2520 manifesto
933 2479 1025 2541 supra
1048 2478 1154 2519 verum
1179 2463 1270 2519 aucta

171 2570 234 2632 iam
258 2567 397 2644 ostendi,
429 2589 506 2650 quae
534 2574 637 2629 tamen
661 2589 697 2629 ex
722 2567 888 2630 accusandi
911 2567 1014 2630 studio
1038 2567 1271 2652 explicationem

174 2677 308 2754 habent,
344 2698 427 2739 error
456 2675 698 2760 deprehenditur
730 2676 761 2739 in
785 2677 962 2741 nominibus
986 2677 1113 2760 triginta
1136 2677 1269 2740 virorum

173 2790 190 2872 p
214 2790 273 2849 12:
309 2785 439 2864 Σάτυρος
472 2785 521 2848 real
553 2792 693 2867 Κλεοφῶν
723 2787 747 2849 οἱ
779 2793 835 2850 τῶν
866 2785 1022 2865 τροοὶκοοτοο
1044 2786 1191 2862 γεοόμεοοο
1214 2788 1272 2866 οὐχ

175 2899 243 2976 ὑπὲρ
272 2898 349 2973 ὑμῶν
373 2893 544 2976 ὀργιζόμενοι
569 2901 758 2976 Κλεοφῶντος
781 2897 977 2976 κατηγόρουν,
1002 2918 1064 2980 quo
1088 2895 1155 2960 loco
1180 2897 1272 2959 hodie

174 3015 255 3071 recte
288 3028 342 3090 pro
373 3010 512 3086 Κλεοφῶν
542 3004 747 3068 substitutum
778 3013 825 3069 est
855 3007 972 3086 Χρέμων
1004 3006 1074 3070 coll.
1098 3008 1115 3090 b
1140 3009 1199 3068 14:
1225 3006 1273 3070 aa}

174 3118 285 3191 ταύτην
316 3118 370 3191 τὴν
400 3116 509 3192 βουλὴν
541 3115 718 3196 ουνδοκοέζεοο
744 3115 874 3190 ἐποίησεν
898 3118 927 3180 ἕο
950 3113 968 3197 ᾖ
991 3115 1121 3196 Σάτυρος
1146 3116 1199 3192 μὲν
1223 3117 1273 3180 nal

178 3226 295 3306 Χρέμων
318 3225 459 3303 μέγιστον
482 3226 625 3290 ἕδύνοοοτο.
672 3225 704 3288 Is
728 3234 831 3289 autem
855 3226 915 3289 suit
938 3226 970 3288 in
995 3226 1123 3310 triginta
1139 3226 1213 3289 viris
1231 3249 1275 3288 se-

176 3335 313 3398 cundum
337 3334 417 3397 Xen.
443 3333 526 3397 Hell.
550 3333 594 3396 ΙΙ.
621 3336 651 3397 3.
681 3338 708 3397 l.
757 3333 830 3398 Non
854 3334 991 3419 Satyrus
1039 3334 1086 3398 De
1111 3358 1147 3398 eo
1171 3342 1275 3398 tamen

177 3446 210 3508 in
246 3445 301 3508 hac
336 3443 420 3507 brevi
452 3443 739 3508 commemoratione
770 3445 872 3528 potuit
902 3467 1000 3508 errare
1031 3453 1156 3522 auctor,
1191 3443 1274 3528 quod

177 3555 304 3638 Satyrus
328 3563 358 3616 et
382 3552 420 3616 ad
444 3552 667 3616 undecimviros
692 3554 749 3617 sub
773 3554 901 3638 triginta
924 3554 1075 3639 pertinuit
1099 3563 1130 3619 et
1149 3561 1274 3618 strenue

178 3688 284 3728 eorum
316 3663 442 3727 consilia
471 3662 607 3740 adiuvit,
632 3687 727 3748 quare
751 3687 768 3727 a
792 3664 998 3748 Xenophonte
1021 3665 1199 3745 θρασύτατος
1222 3664 1273 3729 κοΐο

179 3774 387 3846 οἶοοιοδὲττοοτος
411 3773 598 3858 appellatur,
622 3773 705 3839 Hell.
727 3775 771 3839 H.
794 3779 824 3839 3.
845 3776 897 3837 54.
944 3774 1046 3838 Etiam
1069 3774 1152 3838 credi
1174 3781 1277 3859 posset

178 3885 211 3947 in
235 3884 336 3947 locum
359 3883 557 3947 Theramenis
581 3884 767 3949 substitutus
791 3886 852 3948 nisi
876 3885 968 3949 Diod.
993 3884 1082 3948 XIV.
1109 3887 1151 3947 32
1177 3884 1277 3947 trade·
1381 3926 1385 3931 «

179 4001 225 4079 ret
249 4001 353 4077 postea
377 4001 480 4057 actum
504 3994 615 4071 luisse,
641 4003 677 4058 ut
700 3994 910 4079 Thrasybulus
927 4018 982 4080 pro
999 3995 1188 4058 Theramene
1205 3995 1276 4058 sub-

180 4104 368 4167 stitueretur.
415 4103 456 4166 Et
486 4103 519 4165 in
551 4110 686 4167 extremo
718 4104 872 4189 periculo,
903 4105 936 4168 in
960 4128 1021 4189 quo
1040 4105 1168 4189 triginta
1191 4114 1278 4168 erant

181 4214 276 4277 caesis
301 4213 398 4277 Critia
422 4221 452 4275 et
476 4211 690 4298 Hippomacho
714 4214 808 4298 (Hell.
833 4214 877 4279 Π.
903 4218 933 4278 4.
955 4219 1025 4300 19),
1049 4237 1211 4279 numerum
1233 4224 1277 4300 ty-

180 4345 346 4386 rannorum
379 4322 556 4408 suppletum
586 4346 651 4386 esse
682 4347 744 4388 non
775 4324 932 4410 probabile
957 4333 1012 4389 est.
1059 4325 1175 4388 Contra
1197 4348 1276 4408 quae

1099 4437 1156 4496 14*
