2850 5024
685 375 725 433 99

165 570 246 648 οὗτος
276 574 323 639 ἐπ’
355 573 511 666 αὐτοφώρῳ
534 573 612 637 ἐστίν
619 597 628 649 3
657 571 717 637 Sed
740 572 783 634 ita
806 571 966 656 sequentia
989 572 1079 636 etiam
1103 572 1251 637 mutanda

113 677 117 683 ’
167 692 258 750 eruut
283 684 388 750 addito
412 684 545 751 ίανάτον.
592 681 705 762 Οὗτος,
730 687 779 749 laic
801 692 830 749 et
850 705 932 749 remo
954 691 1121 769 praetereo.
1161 684 1252 749 Dem.

169 798 220 861 18.
247 799 327 861 159:
363 798 376 863 ὁ
399 797 458 878 νάρ
481 795 514 862 τὸ
537 795 654 877 σπέρμα
676 795 857 877 παρασχών,
882 792 963 868 οὗτος
986 800 1041 860 τών
1063 796 1179 878 φύντων
1202 818 1254 860 κα-

165 912 221 973 κῶν
252 907 351 981 αἴτιος.
380 911 432 972 21.
458 909 521 971 24:
545 912 596 973 τοῦ
619 907 733 972 δικαίαν
756 906 804 971 καί
828 906 938 988 εὔορκον
961 907 1055 972 ίέσίαι
1078 908 1130 981 τὴν
1152 913 1254 989 ψῆφον

166 1019 336 1092 ὁκααιίσας
359 1017 575 1095 ἐξαπατηθῆναι
598 1018 686 1097 λόγος
710 1019 805 1101 ὑμάς,
829 1013 910 1090 οὗτος
934 1015 1024 1090 αἴτιος
1046 1017 1140 1084 ἔσται.
1173 1017 1253 1083 Plat.

167 1129 251 1196 Prot.
283 1133 358 1196 350.
390 1129 432 1194 O:
465 1130 514 1196 καί
537 1131 599 1196 ἐκεί
618 1125 657 1197 αὗ
679 1131 703 1196 οἱ
726 1129 909 1212 σοφώτατα,
932 1125 1006 1195 οὗτοι
1030 1128 1080 1194 καί
1100 1131 1113 1193 ί
1136 1131 1254 1212 §exard-

167 1243 252 1308 τατοί
280 1243 359 1308 εἰσιν.
406 1240 454 1305 Of.
486 1241 577 1306 etiam
604 1240 798 1325 infrad91l.
845 1237 1042 1303 Halbertsma
1064 1243 1254 1324 postremac‘

167 1354 341 1425 ἀποκτείνας
365 1353 488 1417 omittit.
523 1352 605 1416 Mihi
627 1351 796 1416 secundum
816 1351 1051 1436 explicationem
1066 1353 1255 1436 propositam

167 1466 298 1529 mutatio
329 1465 498 1529 necessaria
526 1487 588 1529 non
618 1464 749 1528 videtur.
786 1463 835 1526 Ad
857 1436 1091 1540 ἀναγκασθέντες
1114 1463 1255 1528 ἀπέθανον

169 1575 205 1640 cf.
237 1578 254 1660 d
283 1579 325 1639 45
350 1575 546 1657 ἀνανκάζοντο
569 1575 715 1663 αἰσχίστῳ
738 1574 786 1639 καί
811 1573 1002 1656 ἀκλεεστάτῳ
1025 1572 1140 1654 ίανάτῳ
1162 1575 1254 1638 ἀπίλ-

168 1688 281 1753 ανσίαι.
336 1685 479 1750 Ceterum
510 1685 601 1751 verba
630 1685 678 1751 e'rr’
708 1685 865 1768 αὐτοφώρῳ
895 1707 984 1771 saepe
1011 1690 1255 1767 καταχρηστικῶς

168 1805 314 1881 usurpata
337 1798 431 1862 fuisse
453 1802 489 1867 ut
509 1801 628 1882 polam,
651 1800 807 1879 manifesto
831 1796 1054 1881 significarent,
1075 1795 1190 1880 optime
1207 1795 1256 1860 de·

167 1916 316 1972 monstrat
338 1908 576 1972 Bouchenstein.
600 1908 633 1971 in
656 1907 810 1992 prooemio
833 1906 872 1970 ad
895 1906 974 1970 hanc
997 1907 1175 1971 orationem.

210 2021 227 2104 p
250 2022 303 2084 91.
339 2018 387 2085 τὸν
409 2019 438 2083 δὲ
457 2019 561 2100 δῆμον,
583 2016 612 2082 ὃν
633 2017 721 2091 αὖτίς
740 2024 813 2101 φνσι
830 2017 946 2099 πατέρα
965 2018 1054 2083 αὑτοῦ
1075 2014 1163 2102 εἶναι,
1183 2017 1255 2100 φαί-

166 2153 245 2195 νεται
269 2130 421 2206 κακώσας,
443 2128 504 2193 καί
527 2128 635 2211 ἀφείς
658 2127 717 2192 καί
742 2127 887 2209 προδοὺς
910 2125 943 2204 ἐξ
965 2123 1001 2192 ών
1024 2129 1126 2201 ἐκεῖνος
1149 2128 1254 2210 μείζων

167 2240 217 2305 καί
237 2240 418 2322 ίσχνρίπερσς
437 2242 581 2318 ἐγίγνετο.
623 2238 784 2302 Constanti
804 2260 863 2302 usu
877 2237 996 2318 ἀφιέναι
1016 2237 1082 2304 τινά
1101 2247 1148 2302 est
1162 2242 1255 2304 obsol-

166 2375 234 2416 vere
259 2356 402 2436 aliquem,
426 2375 519 2436 quare
543 2349 575 2426 ἐξ
597 2346 633 2414 ὧν
653 2356 698 2414 est
717 2354 816 2414 ταῦτα
834 2347 868 2426 ἐξ
886 2345 922 2413 ών
940 2371 1003 2412 non
1021 2349 1139 2423 τούτους
1158 2349 1190 2427 ἐξ
1206 2347 1253 2416 ών.

165 2461 287 2526 Clarius
314 2462 352 2528 ab
377 2475 496 2527 oratore
519 2461 632 2547 scripta
654 2460 729 2524 haec
752 2459 861 2537 fuisse,
878 2459 971 2523 lectio
987 2460 1075 2524 codd.
1095 2461 1200 2540 docet,
1222 2463 1254 2525 in

165 2574 278 2656 quibus
291 2582 337 2638 est
349 2573 502 2656 προδόντα,
515 2573 598 2636 unde
610 2572 793 2656 quantocius
804 2570 1015 2657 reponendum
1027 2571 1142 2654 προδοὺς
1153 2572 1252 2638 πάντ’.

166 2683 393 2749 Intereiderunt
416 2707 487 2749 cum
510 2684 577 2747 aliis
600 2684 633 2746 in
655 2683 766 2747 vicinia
790 2683 839 2766 (cl.
864 2683 1006 2747 sectionis
1025 2684 1160 2767 initium)
1181 2704 1255 2767 qua·

166 2804 237 2860 tuor
264 2796 399 2859 litterae:
433 2819 515 2859 νσπα
547 2795 640 2879 (arear
655 2845 662 2861 .
676 2843 684 2860 .
699 2844 727 2860 ..
751 2796 827 2878 ντα).
874 2792 998 2858 Lectius
1022 2794 1116 2858 fuerit
1138 2795 1253 2875 προδοὺς

166 2913 205 2972 α
225 2905 257 2983 εξ
274 2903 318 2971 a.
358 2904 405 2970 cf.
426 2905 505 2969 rae.
526 2904 647 2970 renea.
669 2907 721 2969 er.
743 2902 778 2968 c.
798 2903 848 2984 ζα
868 2906 917 2969 αι
933 2903 1077 2985 auctaas
1091 2887 1156 2984 era
1169 2905 1254 2970 aaa

166 3024 220 3084 τῶν
244 3017 300 3083 ὅσα
323 3015 475 3082 ίααοίπτια
498 3016 627 3098 έαφνχά
647 3018 732 3113 ε’στιν.
779 3014 903 3099 Protag.
929 3017 1003 3079 320.
1028 3013 1063 3078 (ί.
1080 3017 1112 3079 ἐκ
1131 3024 1188 3093 aie
1203 3015 1254 3079 καί

167 3129 251 3210 πνρὸς
275 3128 415 3206 μίξαντες
434 3129 483 3194 καί
503 3134 558 3194 τών
579 3126 634 3192 ὅσα
650 3127 715 3206 πυρί
731 3127 781 3191 καί
797 3135 839 3208 νῇ
855 3124 1032 3207 κεροίνννται.
1059 3124 1106 3190 uf.
1122 3125 1253 3190 Phaedr.

168 3243 241 3306 239.
275 3241 311 3304 Β.
341 3240 414 3304 Vid.
447 3242 515 3304 Ast.
548 3239 587 3303 ad
617 3238 712 3323 legg.
744 3261 774 3323 p.
800 3240 925 3302 242εε
947 3237 1008 3301 illis
1032 3237 1117 3302 libris
1141 3238 1254 3302 nubem

166 3351 376 3436 exemplorum
391 3350 602 3415 adducentem.
637 3349 709 3434 Lys.
735 3351 787 3413 23.
813 3351 849 3412 8:
874 3348 923 3412 καί
947 3347 995 3414 τὸν
1018 3347 1048 3421 ὃς
1071 3348 1129 3428 ἔφη
1152 3348 1256 3413 δεσπό-

165 3487 217 3538 τκς
237 3460 340 3527 τούτου
359 3456 445 3543 εἶναι,
471 3462 497 3524 si
519 3461 605 3524 locus
626 3483 717 3524 sanus
735 3467 790 3524 est.
826 3458 907 3524 Nam
924 3459 1007 3545 apud
1022 3466 1156 3523 oratores
1172 3460 1255 3524 haud

164 3573 229 3637 scio
254 3593 293 3634 an
315 3571 395 3636 nihil
414 3571 512 3634 simile
531 3570 704 3634 inveniatur
719 3576 839 3654 praeter
853 3569 1047 3633 notissimum
1062 3568 1141 3633 illud
1157 3571 1257 3650 aperti,-

162 3707 207 3748 κει
232 3689 328 3760 μισεῖν
351 3682 417 3754 τοὺς
441 3677 549 3760 οἷίςπερ
564 3679 660 3757 οὗτος,
679 3681 767 3762 Dem.
786 3683 838 3744 22.
857 3683 909 3743 64.
927 3679 1030 3744 Dubia
1045 3681 1142 3766 igitur
1157 3703 1256 3744 emen·

163 3794 251 3858 datio
275 3800 323 3857 est
344 3791 542 3856 Herwerdeni
557 3792 590 3856 in
606 3791 679 3877 Lyc.
690 3794 743 3856 32.
760 3791 825 3863 τοὺς
843 3790 1000 3875 [οἱκέτας],
1013 3788 1046 3857 οί.
1070 3791 1120 3856 Ad
1136 3792 1255 3873 ἀφιέναι

162 3931 193 3972 τι
218 3905 390 3989 (αοῳίίῳσνσ)
414 3904 452 3967 cl.
476 3903 565 3968 Dem.
586 3905 636 3968 18.
664 3906 744 3966 mu:
768 3901 868 3966 ποίντα
891 3899 982 3966 τάλιί
1002 3903 1091 3985 ἀφείς
1111 3894 1159 3967 καί
1176 3927 1258 3982 παρι·

161 4014 218 4082 δίαν
249 4015 394 4096 ἐπέραινεν
426 4012 476 4096 ἐφ’
503 4008 542 4086 οἷς
566 4014 720 4096 ε’μισίώώνρ,
745 4019 775 4076 et
799 4012 842 4076 sic
865 4013 959 4093 καιρὸν
982 4012 1100 4095 ἀφιέναι
1127 4017 1155 4077 l.
1183 4016 1199 4079 7
1227 4021 1257 4077 et

163 4126 252 4191 alibi.
288 4124 369 4188 Vide
393 4131 497 4188 tamen
520 4148 595 4188 num
619 4131 743 4210 propter
758 4129 863 4186 notam
877 4123 1027 4199 librorum
1041 4124 1152 4210 Lysiae
1167 4125 1255 4189 MSS.

163 4237 392 4321 corruptionem
411 4234 567 4319 probabile
582 4236 622 4299 sit
638 4242 789 4300 oratorem
805 4233 940 4298 dedisse:
954 4235 1093 4318 φαίνεται
1105 4236 1255 4310 κακώσας,

165 4347 342 4430 καίνφείς
365 4346 414 4412 καὶ
439 4346 555 4426 προδοὺς
579 4347 668 4412 πάντ’
693 4345 726 4424 ἐξ
748 4342 784 4410 ών
807 4346 909 4419 ἐκεῖνος
929 4345 1033 4426 μείζων
1056 4346 1093 4412 ἀν
1108 4347 1255 4428 καίίσχν·

1097 4459 1135 4518 7*
