2850 5024
683 359 724 420 65

206 560 283 640 Sed,
307 570 344 626 ut
366 561 418 637 fit,
443 560 534 625 etiam
558 559 597 623 ad
619 558 803 644 explendum
827 559 852 621 si
876 559 950 642 quid
975 558 1078 622 deesse
1096 559 1249 623 immerito

160 673 338 750 videbatur,
371 672 522 757 quaedam
554 671 737 756 interpolata
760 677 841 734 sunt.
888 670 959 734 Iure
987 671 1086 734 haesit
1108 669 1250 734 Dobreus

162 786 198 849 in
220 787 237 870 δ
258 788 294 847 6:
322 784 568 863 ἀπαγγείλαντός
591 807 665 856 τινος
688 786 724 854 ὡς
749 784 805 860 §aa
828 783 976 863 λοιδοροῖμι
1002 783 1068 866 (sic)
1091 790 1141 847 τοῦ
1166 783 1251 861 νόμον

162 896 413 977 ἀπαγορεύοντος,
443 896 504 960 εὀἒν
534 920 587 967 τις
618 896 732 975 οὶρχήν
756 897 788 959 ε’ν
811 893 974 974 συνεδρίῳ
996 893 1145 976 λοιδορή,
1170 895 1251 975 παροδ

163 1008 213 1073 τὸν
235 1008 316 1085 νόμον
336 1005 476 1088 ζημιῶσαι
493 1005 634 1084 ήξίιοσαν,
651 1005 812 1090 inquibus
828 1004 958 1070 delenda
974 1004 1115 1070 censebat
1131 1007 1192 1070 εὀδν
1207 1042 1252 1054 --

164 1119 289 1201 λοιδορῇ,
314 1126 422 1205 utpote
445 1141 482 1183 ex
504 1119 521 1204 d
545 1122 563 1181 9
589 1118 649 1182 huc
666 1125 772 1182 tracta.
797 1117 972 1183 Sectione2
996 1118 1071 1183 haec
1086 1118 1249 1203 leguntur:

165 1228 209 1297 ῦτι
240 1231 293 1310 μὲν
323 1234 374 1297 οὐκ
404 1233 474 1309 ἐμοῦ
504 1232 780 1314 καταφρονήσαντες
802 1231 887 1296 οῦλλοδ
908 1236 958 1295 τοῦ
986 1230 1164 1311 πρήγματος
1187 1232 1253 1301 τοῦς

166 1343 273 1422 λόγους
296 1349 458 1424 ποιοῦνται,
479 1348 583 1424 σαφοῦς
599 1343 773 1420 ἐπίσταμαι.
820 1340 933 1406 Parum
953 1341 1080 1406 decebat
1096 1364 1183 1419 cunr,
1201 1343 1255 1425 qui

168 1455 376 1519 demonstrare
406 1453 499 1518 vellet
506 1503 515 1532 ,
548 1454 680 1538 privatas
711 1453 886 1517 inimicitias
910 1442 1031 1517 causam
1054 1453 1147 1518 fuisse
1171 1476 1256 1517 accu-

168 1566 296 1630 sationis
332 1567 360 1650 (§
391 1567 457 1649 10),
489 1564 604 1643 dicere,
635 1587 815 1649 persuasum
845 1564 904 1629 sibi
934 1587 1013 1642 esse,
1045 1588 1107 1629 non
1130 1565 1201 1629 odio
1225 1589 1256 1629 sc

169 1677 294 1755 haberi3
319 1683 349 1740 et
372 1683 474 1741 tamen
497 1675 626 1740 totidem
648 1676 747 1740 verbis
770 1676 828 1740 hoc
843 1676 896 1741 ille
912 1683 1058 1756 testatur,
1076 1699 1137 1742 non
1153 1677 1256 1742 dicens

169 1789 213 1854 ῦτι
240 1789 294 1868 μὲν
323 1789 354 1853 οῦ
377 1793 545 1852 τοσοῦτον
571 1789 641 1866 ἐμοῦ
661 1788 936 1868 καταφρονήσαντες
958 1785 1021 1852 ὅσον
1043 1794 1093 1853 τοῦ
1117 1788 1258 1870 πρήγμα-

168 1924 242 1976 τος,
266 1899 318 1963 sed
342 1898 508 1984 praefracte
531 1902 581 1963 σῦκ
604 1901 673 1973 ἐμοῦ
686 1899 971 1979 καταφρονήσαντες.
1007 1898 1039 1961 Si
1055 1899 1202 1964 vellicans
1219 1901 1256 1965 ab

168 2011 275 2094 aliquo
300 2017 331 2074 et
354 2017 457 2075 tamen
480 2010 563 2074 dieas
588 2011 738 2075 confidere
761 2019 809 2087 te,
835 2033 896 2074 non
919 2010 1060 2075 laedendi
1084 2013 1184 2075 animo
1201 2013 1257 2076 cri·

171 2121 258 2186 mina
280 2120 317 2185 ab
341 2120 512 2185 adversario
536 2121 678 2206 proferri,
704 2121 840 2185 animum
863 2121 998 2185 ostendis
1022 2122 1060 2186 ad
1083 2125 1258 2188 reconcilia·

131 2305 133 2308 ¹
169 2234 288 2297 tionem
318 2254 466 2316 pronum,
499 2231 582 2315 quod
609 2233 646 2296 ab
669 2232 814 2297 orationis
843 2234 970 2297 consilio
992 2235 1083 2319 plane
1106 2235 1257 2300 abhorret.

173 2345 341 2430 Exspectes
364 2345 468 2429 potius
491 2343 553 2407 tale
576 2344 668 2427 quid:
693 2344 735 2409 ῦτι
758 2344 811 2419 μὲν
829 2340 873 2408 οῦν
892 2346 962 2421 ἐμοῦ
982 2348 1258 2426 καταφρονήσαντες

174 2456 226 2522 καὶ
258 2461 308 2521 τοῦ
339 2454 517 2537 πρήγματος
548 2457 833 2536 κατολιγωρήσαντες
864 2458 930 2529 τοὺς
959 2457 1065 2533 λόγους
1096 2465 1259 2534 ποιοῦνται,

172 2595 203 2634 σ.
227 2569 251 2632 ε’.
298 2564 391 2647 Quod
423 2591 440 2630 a
471 2567 601 2632 lectione
631 2576 751 2653 recepta
773 2569 905 2632 multum
928 2569 1051 2633 recedit.
1099 2570 1199 2634 incidi
1227 2572 1258 2634 in

172 2702 241 2744 eam
271 2678 464 2763 opinionem,
496 2686 533 2742 ut
561 2678 652 2744 verba
681 2680 844 2744 transitum
875 2681 1070 2745 constituisse
1094 2689 1199 2765 putem
1222 2681 1261 2745 ad

172 2791 351 2875 sequentia,
384 2800 573 2877 quaesunt:
598 2794 621 2856 εἰ
644 2792 740 2870 μέντοι
769 2795 847 2871 ῦμῦς
870 2790 973 2857 οἴονται
996 2832 1039 2842 ··-
1062 2799 1263 2873 καταψηφιεῖ-

172 2902 244 2969 σθαί
271 2926 327 2981 μου
357 2904 406 2967 οῦκ
436 2900 471 2966 tn
501 2902 703 2981 ῦανμοὶσαιμις
737 2906 801 2968 Οὐκ
832 2903 912 2967 enim
944 2905 1027 2988 (ante
1050 2906 1131 2988 ἐμοῦ)
1154 2910 1261 2968 nutum

174 3037 214 3079 ex
244 3011 306 3092 οῦν,
339 3036 400 3098 qua
430 3013 509 3076 faeta
535 3014 704 3078 mutatione
729 3015 806 3078 alius
829 3014 972 3079 librarius
996 3014 1156 3100 adscripsit
1178 3018 1262 3081 αλλοδ

172 3132 227 3191 τοῦ
258 3123 446 3203 πρήγματος.
493 3123 596 3206 Quare
627 3127 669 3190 sic
700 3126 773 3189 olim
805 3127 953 3212 seriptum
983 3126 1076 3190 fuisse
1106 3128 1262 3192 existimo:

174 3235 220 3303 ῦτι
245 3237 298 3315 μὲν
320 3233 367 3302 οῦν
390 3240 474 3315 ε’μοῦ
497 3239 772 3321 καταφρονήσαντες
790 3239 856 3331 τοὺς
875 3240 980 3317 λόγους
998 3245 1144 3304 ποιοῦνται
1159 3245 1264 3319 σαφοῦς

174 3349 360 3426 ἐπίσταμαι·
390 3349 414 3414 εἷ
434 3349 539 3427 γμέντοι
573 3351 664 3428 ῦμῦς
692 3349 795 3416 οἴονται
826 3350 859 3415 δι’
880 3354 1006 3427 εὐήήειαν
1034 3351 1185 3436 (Dobreus
1209 3373 1264 3435 pro

174 3458 297 3544 εῦνοιαν)
322 3458 377 3524 ὑπὸ
404 3465 459 3524 τῶν
487 3460 628 3537 διαβολῶν
651 3461 819 3534 πεισθέντας
842 3464 1100 3544 καταψηφιεῖσθαί
1120 3486 1192 3541 μοιι,
1216 3464 1266 3527 οῦκ

177 3570 216 3636 ῦιν
238 3570 444 3648 decumana

223 3681 337 3746 Insunt
358 3689 513 3767 praeterea
536 3704 613 3766 quae
626 3705 733 3768 parum
750 3684 854 3748 Attica
870 3691 900 3748 et
915 3685 1078 3748 insolentia
1095 3684 1264 3749 videantur.

175 3792 277 3864 Ἐντδς
299 3794 316 3877 ᾧ
340 3795 380 3856 10
404 3814 460 3878 pro
484 3792 557 3858 ἔνδον
580 3795 714 3879 positum
738 3796 856 3859 notavit
880 3797 941 3859 iam
965 3794 1113 3861 Dobreus.
1150 3795 1267 3859 Eodem

175 3906 246 3970 loco
269 3905 338 3969 ἄνευ
361 3905 479 3982 τούτου,
503 3911 539 3968 ut
563 3905 656 3990 vulgo
679 3907 921 3992 interpretantur
944 3907 1087 3993 suppleto
1111 3914 1161 3973 τοῦ
1185 3907 1269 3985 νόμον

174 4037 233 4102 pro
264 4014 347 4094 παροδ
365 4014 412 4079 τὸν
442 4015 526 4092 νόμον
532 4064 541 4093 ,
575 4038 635 4100 quo
669 4018 807 4102 exemplo
831 4018 991 4083 defendam
1015 4018 1134 4097 nescio;
1159 4019 1269 4082 melius

175 4143 251 4191 sane
275 4125 425 4211 Augerius
448 4126 666 4211 interpretatur
690 4125 759 4194 ῦνεο
784 4135 835 4194 τοῦ
859 4129 1017 4205 ήδικήιιὲναι
1043 4130 1125 4207 τινα,
1153 4128 1200 4192 vel
1228 4129 1272 4192 sic

175 4246 280 4302 tamen
304 4237 362 4300 hoc
385 4236 519 4302 insolens
544 4244 598 4301 est.
638 4240 794 4312 Δικαίοισις
817 4263 871 4326 pro
888 4240 1050 4318 δικαίωμα,
1068 4247 1271 4325 urpumeutum

176 4350 240 4412 iarn
273 4348 486 4413 animadvertit
514 4348 717 4434 Harpocratio
745 4352 764 4415 i.
791 4375 837 4429 v.;
862 4352 943 4416 idem
967 4353 1091 4417 affertur·
1114 4376 1130 4417 e
1154 4352 1270 4415 Zonare

1155 4474 1169 4524 5
