2850 5024
684 383 725 445 38

162 582 335 646 auditorum
368 591 486 665 captat,
519 605 589 645 cum
621 605 681 645 non
716 591 776 645 tam
805 583 902 645 oratio
926 592 1008 659 arte,
1033 605 1124 668 quam
1149 592 1252 647 orator

161 695 294 778 ingenuo
327 700 356 757 et
383 694 500 757 sincero
524 694 645 769 anime,
670 693 706 756 ab
731 693 814 756 omni
838 693 945 757 fraude
969 693 1086 770 aliene,
1111 717 1142 757 se
1166 693 1253 758 audi·

163 806 280 869 toribus
304 805 510 881 commendet,
536 805 632 868 etita
656 804 784 888 simplex
808 827 841 867 ac
865 827 959 890 paene
979 806 1077 880 εὐήθης
1093 805 1250 882 videatur,

164 926 199 980 ut
230 916 328 979 omnis
360 915 557 998 consopiatur
588 914 721 999 suspicio
749 915 926 978 calliditatis
950 921 1041 998 atque
1065 916 1252 994 calumniae3

166 1029 218 1092 sed
243 1036 344 1091 tamen
368 1029 398 1090 in
422 1027 460 1090 iis
484 1049 561 1110 quae
585 1026 622 1089 ad
647 1027 773 1090 crimina
796 1026 942 1090 diluenda
963 1049 1026 1090 non
1049 1027 1138 1112 longe
1158 1049 1255 1090 arces·

166 1142 224 1204 sita
249 1139 390 1203 videntur·
413 1139 465 1202 scd
490 1146 597 1222 sponte
621 1161 652 1201 se
676 1138 798 1215 offerre,
823 1139 848 1201 si
872 1139 998 1224 propius
1023 1145 1154 1223 spectes,
1180 1143 1255 1200 sunt

167 1252 276 1337 partim
302 1258 332 1314 ct
355 1251 490 1334 captiosa
514 1258 544 1314 et
567 1250 658 1335 longe
681 1250 818 1334 repetita.
844 1249 945 1314 Huius
967 1249 1084 1334 generis
1109 1248 1254 1333 estquod

166 1365 197 1427 iu
221 1370 326 1426 nostra
348 1362 485 1425 oratione
508 1363 524 1446 d
548 1364 566 1423 3
591 1361 721 1445 legitur,
746 1383 835 1445 quem
860 1361 960 1424 locum
983 1360 1074 1444 paulo
1090 1360 1256 1423 intricatio·

167 1498 228 1538 rem
253 1474 402 1559 explicare
426 1495 535 1557 operae
559 1474 690 1557 pretium
713 1473 814 1537 fuerit.

213 1585 307 1648 Initio
331 1586 359 1670 (d
385 1587 419 1661 l,
446 1586 476 1668 2)
501 1590 621 1661 orator,
646 1607 719 1667 ego,
744 1585 858 1668 inquit,
883 1585 915 1647 iu
939 1585 1068 1668 gratiam
1091 1582 1168 1646 redii
1184 1603 1256 1645 eum

169 1696 356 1772 adversario,
382 1695 465 1779 quod
488 1695 546 1758 iste
569 1717 652 1759 nuuc
675 1704 775 1779 negat.
805 1696 989 1773 Ἐβουλόμην
1005 1697 1060 1778 (ita
1075 1693 1206 1780 pergit§
1223 1695 1257 1776 3)

169 1806 243 1871 t'aa
273 1809 315 1884 μὴ
346 1808 514 1887 ἀπολαχεῖν
546 1807 632 1871 αὐτὸν
662 1809 757 1888 κριτὴν
788 1808 958 1890 Διονυσίοις,
987 1804 1019 1872 t'
1042 1809 1109 1884 ὑμῖν
1131 1805 1257 1887 Φανερὸς

169 1919 279 1995 ἐγένετ’
302 1918 364 1995 ἐμοὶ
387 1917 616 2000 διηλλαγμένος,
639 1919 735 1998 κρίνας
757 1920 809 1991 τὴν
828 1919 899 1995 ε’,αὴν
914 1920 1012 1999 Φυλὴν
1027 1923 1116 1983 νικᾶν.
1145 1915 1256 1980 Statim

169 2029 435 2097 animadvertimus
466 2028 573 2091 miram
603 2028 750 2093 rationem
783 2030 985 2107 defensionis3
1016 2030 1148 2115 ingenue
1176 2028 1259 2092 enim

169 2146 283 2208 fatetur
304 2141 438 2204 iudicem
462 2140 494 2202 in
519 2140 674 2224 Dionysiis
698 2163 716 2203 a
731 2162 763 2203 se
779 2149 955 2226 corruptum
972 2164 1053 2218 esse;
1071 2148 1161 2227 pacto
1177 2141 1259 2205 enim

171 2254 361 2329 convenisse,
386 2260 421 2314 ut
445 2250 633 2314 adversarius
658 2250 683 2314 si
706 2251 798 2314 iudex
821 2258 900 2315 essct
923 2260 1059 2330 creatus,
1081 2252 1175 2315 tribui
1195 2273 1261 2314 cra-

171 2368 245 2432 toris
269 2363 425 2428 victoriam
443 2362 649 2440 adiudicaret,
667 2385 729 2426 uon
745 2363 912 2426 seeundum
929 2363 1013 2426 chori
1029 2363 1259 2448 praestantiam,

172 2478 224 2543 sed
248 2474 398 2540 amicitiae
423 2496 530 2551 causa,
555 2481 590 2536 ut
612 2474 740 2537 oratoris
765 2474 923 2538 commodo
947 2474 1069 2539 faveret.
1116 2474 1184 2538 Hoc
1208 2474 1260 2538 de-

172 2611 255 2654 mum
287 2592 333 2651 est
364 2586 446 2669 quod
477 2584 585 2648 dicunt
617 2584 727 2649 vulnus
760 2586 885 2650 vulnere
916 2609 1030 2651 sanare.
1068 2588 1112 2650 Ac
1135 2592 1260 2650 tantum

173 2701 258 2766 abest
288 2707 322 2761 ut
354 2720 424 2760 reus
456 2696 646 2781 suspicetur,
679 2696 739 2765 alia
769 2699 970 2783 Areopagitas
1001 2699 1038 2763 de
1065 2698 1259 2783 integritate,

174 2835 234 2896 qua
265 2809 381 2875 iudices
404 2809 436 2871 in
460 2808 615 2892 'Dionysiis
639 2808 733 2893 vulgo
756 2816 933 2887 uterentur,
958 2810 1071 2874 sentire
1094 2832 1199 2894 posse,
1223 2818 1261 2874 ut

174 2922 347 2987 adiudicata
378 2920 505 2984 victoria
536 2942 571 2985 ex
603 2921 669 2984 eius
700 2921 850 2985 sententia
867 2920 873 2928 ”
881 2922 918 2984 iis
946 2921 1129 2986 documento
1153 2921 1261 2986 fuisset

175 3035 324 3099 amicitiae
347 3032 526 3109 restitutae,
551 3032 634 3115 quod
650 3032 838 3096 adversarius
855 3034 1025 3098 adversario
1041 3056 1080 3097 ue
1095 3032 1262 3097 iustissima

175 3144 297 3231 quidem
329 3143 367 3207 de
395 3165 485 3206 causa
508 3143 540 3205 in
564 3143 729 3207 certamine
745 3143 851 3208 lavere
874 3144 993 3209 soleret.
1041 3143 1197 3208 Nimirum
1220 3150 1263 3206 te·

175 3279 255 3321 mere
287 3255 405 3331 effutit,
431 3253 583 3337 quidquid
605 3255 638 3316 in
661 3254 789 3319 buccam
813 3256 911 3319 venit!
959 3255 1018 3344 Sed
1042 3255 1183 3320 consulto
1206 3256 1263 3319 hos

175 3389 274 3431 mores
302 3366 366 3429 suis
397 3364 575 3429 hominibus
601 3364 709 3449 Lysias
733 3365 863 3450 affingit,
889 3374 924 3430 ut
949 3389 1066 3431 veraces
1090 3366 1262 3431 videantur.

178 3477 271 3557 Quod
300 3477 326 3539 si
358 3475 450 3539 semel
482 3476 631 3553 sumitur,
662 3499 820 3560 nunquam
850 3477 965 3542 iudices
997 3478 1195 3563 Dionysiacos
1219 3478 1263 3542 ita

177 3589 270 3652 fuisse
303 3609 432 3672 aequos,
465 3597 501 3652 ut
524 3588 672 3673 privatam
695 3588 881 3654 simultatem
906 3589 1109 3674 deponerent,
1135 3591 1263 3654 oratoris

178 3700 404 3783 argumentatio
433 3720 490 3763 sua
520 3699 549 3761 vi
580 3721 640 3763 non
665 3706 755 3763 caret.
779 3737 824 3749 -
847 3699 906 3764 Sed
928 3699 1006 3764 illud
1029 3701 1148 3786 insigne
1171 3702 1264 3765 docu-

177 3818 315 3874 mentum
339 3810 490 3874 amicitiae
514 3809 607 3874 simul
623 3828 653 3873 et
667 3811 836 3876 iniustitiae
851 3810 917 3875 dari
932 3834 994 3875 uon
1010 3819 1167 3896 potuerat3
1184 3820 1266 3877 sorte

178 3922 258 3985 enim
292 3928 375 3984 actor
399 3928 462 3984 erat
485 3921 642 3986 exclusus:
667 3913 782 4002 ἔγραψε
804 3925 857 3999 μὲν
879 3928 979 3988 ταῦτα
1002 3923 1041 3994 εἷς
1063 3923 1097 3988 τὸ
1119 3946 1265 4002 γραμμα-

176 4041 267 4108 τεῖον,
308 4033 450 4113 ἀπέλαχε
486 4033 524 4096 δὲ.
571 4031 779 4117 Interpretor:
821 4057 926 4110 „nunc
964 4033 1087 4119 quidem
1125 4033 1199 4097 haec
1234 4057 1267 4098 se

178 4146 330 4208 facturum
364 4144 397 4207 in
432 4143 634 4229 pugillaribus
670 4144 807 4228 scripsit,
843 4145 896 4209 sed
929 4145 1029 4229 (fidem
1062 4144 1176 4208 solvere
1203 4167 1267 4209 non

181 4257 298 4342 potuit,
321 4257 402 4338 nam)
426 4261 506 4317 sorte
529 4255 669 4318 exclusus
686 4255 762 4319 cst.'’
797 4256 956 4320 Articulus
973 4262 1043 4320 ante
1058 4262 1267 4335 γραμματεῖον

183 4367 317 4432 ostendit
340 4367 371 4430 in
394 4375 479 4453 parte
502 4365 646 4431 orationis
670 4367 827 4454 deperdita
848 4368 927 4433 illud
949 4354 1154 4450 γραμματὲῖα
1170 4367 1266 4432 fuisse
