2850 5024
679 402 743 462 ‘232

162 602 201 671 είς
225 601 258 662 τὸ
281 599 458 678 δικαστήριον
479 620 533 681 pro
553 597 770 679 βουλευτήριον,
792 598 874 680 quod
887 620 969 660 nunc
982 596 1166 660 coniectura
1176 595 1274 659 resti·

164 718 265 772 tutum
282 718 337 772 cst.
368 711 419 792 §2
436 708 684 788 μεταπορεύεσθαι
703 708 810 787 ἔχθραν
826 729 879 792 pro
898 706 1045 784 μετιέναι,
1059 707 1272 786 μετέρχεσθαι

163 841 259 903 paene
281 817 358 883 mihi
382 817 545 881 ridiculum
570 817 705 895 videtur3
732 825 812 881 certe
837 840 898 881 non
923 816 1083 880 Graecum.
1125 817 1272 900 §sitor-

162 930 202 992 sit
225 952 256 992 se
279 928 437 1004 Dobreus,
463 935 498 992 ut
523 928 670 992 vocabulo
693 928 812 1008 άπειοία
833 928 989 1012 vulgarem
1009 926 1188 1010 imperitiae
1207 926 1271 1011 sig·

164 1040 370 1104 nificationem
401 1039 583 1116 vindicaret,
615 1039 667 1103 sed
692 1061 747 1123 pro
769 1045 910 1104 immenso
933 1060 1053 1103 ινκιιιονο
1077 1046 1190 1100 auctor
1216 1059 1273 1120 po·

164 1151 227 1214 suit
250 1150 324 1212 satis
347 1146 475 1229 οίκύρυς;
500 1172 570 1212 nam
595 1149 795 1234 philosophus
818 1149 907 1212 Plato
931 1170 993 1211 non
1016 1154 1062 1210 est
1077 1146 1167 1210 testis
1187 1148 1272 1210 exci-

165 1259 287 1324 tandus.
334 1261 351 1344 §
383 1261 400 1320 5
432 1259 633 1332 ἀνεπιτηδείως
672 1257 794 1338 πράττει
827 1257 970 1340 ηπύλις,
1005 1257 1186 1341 oppositum
1225 1258 1268 1335 τῷ

166 1367 198 1436 εὖ
227 1368 374 1448 πράττειν.
420 1370 437 1453 §
463 1371 483 1430 9
515 1367 650 1431 insolens
681 1369 722 1432 τά
751 1377 787 1448 τῇ
815 1377 891 1449 κοινῇ
915 1367 1049 1448 πολιτεία
1071 1364 1272 1445 συμφέροντα

169 1502 224 1564 pro
254 1487 329 1558 κοινῇ
356 1489 393 1558 τῇ
423 1478 505 1541 πόλει
534 1485 588 1541 aut
611 1479 651 1557 τῷ
675 1479 764 1558 κοινῷ,
810 1480 827 1562 ᾧ
853 1479 903 1540 13.
927 1475 956 1549 ὃς
979 1476 1013 1540 ού
1035 1500 1062 1539 τι
1086 1497 1122 1538 ex
1147 1476 1272 1538 coniec-

167 1596 254 1665 tura,
288 1610 356 1650 vera
387 1588 452 1650 siue
484 1585 595 1663 dubio,
628 1608 683 1670 pro
713 1586 771 1650 οὔτ’
803 1587 826 1649 εί
858 1586 1052 1662 restitutum,
1078 1583 1153 1647 alibi
1178 1585 1269 1668 apud

165 1698 289 1782 Lysiam
317 1719 378 1760 uon
409 1697 575 1759 invenitur.
621 1697 637 1779 ξ
661 1698 702 1758 30
735 1696 782 1759 διά
806 1695 883 1771 μάνα
905 1701 1005 1759 ταῦτα
1028 1694 1162 1758 δίκαιον
1190 1691 1267 1758 εἶναι

162 1807 427 1883 ἀποδοκιμασθῆναι
451 1805 634 1888 requiritur,
660 1803 712 1867 sed
736 1803 825 1868 codd.
850 1803 962 1886 ίκανίν,
987 1804 1052 1867 sine
1074 1802 1171 1866 dubio
1193 1825 1266 1887 pra-

163 1941 252 1993 vum,
285 1916 338 1979 sed
368 1915 451 1978 haud
480 1915 542 1978 scio
574 1937 612 1978 an
635 1915 847 1979 διασκευαστού
870 1913 1015 1995 σφάλμα.
1061 1915 1078 1997 ᾧ
1102 1915 1144 1974 36
1169 1913 1266 1976 δικαί-

166 2051 203 2098 οις
223 2030 254 2104 γ’
278 2025 314 2088 άν
334 2064 378 2073 -
400 2028 431 2089 ού
454 2025 518 2104 περί
538 2030 588 2088 τού
611 2022 759 2101 βουλεύειν
782 2024 866 2088 άλλά
889 2024 951 2103 περὶ
977 2029 1026 2086 τού
1050 2021 1192 2087 δουλεύειν
1214 2024 1265 2086 καί

166 2148 218 2213 τῆς
243 2136 389 2215 μεγίστης
412 2134 550 2211 τιμυςίοις
573 2131 851 2212 ἐκκλησιάζεται
875 2131 967 2195 habet
987 2130 1146 2194 Palatinus
1154 2157 1163 2208 3
1181 2130 1266 2194 Lau-

166 2248 325 2311 rentianus
350 2245 479 2307 correxit
502 2241 725 2322 ἐκκλησιάζοιτο.
773 2241 933 2305 Soheibius
960 2239 1193 2323 ἐκκλησιάζοιτο,
1224 2263 1270 2304 re·

167 2359 268 2422 tineus
299 2363 402 2418 tamen
434 2355 465 2416 ού
492 2354 554 2429 περί
578 2358 628 2416 τοῦ
658 2352 805 2429 βουλεύειν
827 2351 929 2433 άλλοί,
954 2372 1008 2434 pro
1033 2371 1095 2432 quo
1118 2349 1272 2414 substitu-

167 2467 280 2532 endum
309 2472 374 2528 erat
403 2490 425 2528 ο.
454 2488 485 2527 π.
513 2488 541 2527 τ.
567 2464 600 2539 β.
625 2469 725 2527 τοῦτον
748 2462 832 2526 άλλά
857 2464 930 2543 (non
954 2460 1043 2525 αὐτόν
1066 2459 1202 2543 Kayser,
1230 2461 1270 2525 cf.

169 2580 221 2640 20.
256 2578 294 2638 13
330 2578 378 2638 18.
414 2577 473 2650 16,
510 2576 558 2636 13.
592 2575 643 2636 86.
678 2573 766 2636 Dem.
795 2575 845 2635 18.
873 2574 947 2636 159.
982 2571 1056 2656 Lyc.
1080 2570 1187 2635 Leocr.
1214 2575 1271 2636 42.

168 2687 270 2750 Plaut.
288 2685 381 2748 Poen.
409 2688 439 2748 3.
465 2687 494 2746 3.
520 2685 580 2760 31,
607 2683 675 2746 Ter.
697 2683 821 2746 Phorm.
847 2685 876 2745 ά.
902 2687 932 2746 4.
960 2684 1031 2765 21);
1053 2679 1206 2745 Cobetus:
1234 2682 1274 2746 δί-

168 2798 249 2868 καιύς
272 2796 306 2873 γ’
328 2795 364 2859 άν
388 2792 420 2869 ἦν
443 2832 487 2842 -
516 2793 723 2874 άηυνίζεσθαις
754 2793 807 2856 sed
838 2792 1030 2872 άνονίζεσθαι
1062 2800 1092 2855 et
1115 2792 1275 2867 ἐκκλησιά-

169 2907 226 2988 ζειν
249 2928 267 2968 a
289 2904 420 2968 librariis
444 2904 494 2967 vix
515 2906 650 2988 possunt
667 2903 823 2966 confundi.
856 2902 941 2966 Haec
955 2902 1050 2986 igitur
1062 2902 1275 2966 diasceuastae

171 3016 225 3101 qui
255 3014 364 3098 Lysiae
392 3015 561 3079 orationem
589 3022 643 3076 aut
669 3015 703 3076 iu
730 3013 820 3077 breve
851 3012 1022 3089 contraxit,
1059 3018 1115 3075 aut
1147 3012 1278 3075 refinxit

172 3127 274 3212 potius
306 3147 398 3208 quam
426 3125 546 3208 vulgari
577 3124 700 3188 librario
724 3123 906 3208 imputanda
930 3122 1083 3187 videntur.
1120 3122 1164 3184 At
1188 3121 1277 3185 ultro

171 3238 285 3313 fateor,
310 3257 374 3299 rem
397 3234 435 3297 ad
458 3234 612 3318 liquidum
637 3234 763 3318 perduci
786 3257 849 3297 non
872 3257 978 3320 posse,
1003 3232 1158 3298 sedidem
1183 3255 1278 3319 aegre

174 3370 192 3410 a
222 3368 270 3410 me
301 3345 431 3428 impetro
458 3352 494 3407 ut
518 3345 592 3407 haec
615 3345 718 3407 omnia
739 3344 868 3428 Lysiaca
894 3352 1009 3429 putem.

218 3454 267 3518 Ad
290 3453 428 3537 singulos
453 3454 535 3517 locos
562 3455 633 3518 hacc
659 3455 780 3517 notavi:

218 3566 235 3648 t
259 3566 289 3626 5.
336 3565 394 3640 ἐγὼ
425 3566 484 3643 γάρ
516 3567 566 3628 ούκ
597 3562 706 3634 άλλους
738 3564 819 3636 τινάς
851 3572 931 3645 φημι
963 3565 1069 3628 δίκαιον
1101 3561 1240 3645 (δικαίους
1251 3562 1279 3647 Ρ)

175 3671 245 3740 εἶναι
276 3675 425 3750 βουλεύειν
455 3674 518 3754 περὶ
551 3679 630 3751 ἡμῶν
662 3674 678 3748 ἢ
709 3675 775 3746 τούς
806 3673 874 3754 πούς
901 3676 942 3753 τῷ
976 3669 1048 3738 εἶναι
1072 3672 1199 3743 πολίτας
1224 3675 1279 3737 καί

175 3786 388 3860 ἐπιθυμοῦντας
420 3782 530 3848 τούτου.
580 3782 739 3847 Sententia
769 3783 930 3847 manifesto
963 3781 1117 3866 postulat,
1145 3787 1182 3842 ut
1204 3780 1281 3857 βου-

178 3891 279 3956 λεύειν
295 3891 351 3954 sit:
378 3899 547 3955 senatorem
572 3914 646 3954 asse.
676 3892 719 3954 At
742 3890 891 3968 βουλεύειν
908 3891 973 3970 περί
986 3913 1060 3962 τινος
1077 3889 1126 3972 (de
1139 3888 1281 3973 homine)

178 4008 225 4064 est
254 4002 334 4065 fere:
364 4001 568 4078 constituere,
594 4001 755 4065 decernere
779 4000 816 4063 de
841 4001 964 4086 aliquo,
989 4000 1098 4083 quiin
1122 4003 1281 4082 potestate

177 4119 283 4175 nostra
314 4120 377 4187 est,
412 4132 472 4173 non
501 4110 583 4191 idem
606 4109 690 4194 quoti
712 4111 912 4187 βουλεύεσθαι.
958 4107 1175 4173 Omittendum
1199 4109 1278 4188 περί.

177 4217 272 4298 „Non
303 4242 436 4304 aequum
464 4228 509 4283 est
532 4220 608 4283 alios
632 4243 668 4283 ex
691 4218 987 4314 nostroynumeross'
1010 4218 1077 4282 rell.
1101 4216 1278 4289 Ἐπιθυμεῑν

181 4328 219 4393 de
251 4330 355 4394 studio
386 4332 430 4393 rei
454 4329 594 4413 publicae
621 4332 670 4391 12.
697 4331 755 4392 90:
781 4331 804 4393 εί
828 4330 852 4391 δ’
876 4330 1088 4407 ἀποψηφιεῖσθ’
1112 4326 1276 4408 ὀφθήσεσθε
