2850 5024
681 373 742 434 197

167 569 199 630 in
228 568 324 647 ὑμᾶς,
354 565 437 648 qnod
462 567 559 648 primo
582 566 699 629 nescias
724 565 802 628 sitne
826 564 979 629 obiectum
1004 589 1043 629 an
1067 567 1259 647 subiectum,

167 683 198 738 et
221 681 271 740 τοῦ
296 674 450 737 omittitur
457 722 466 751 ,
491 697 546 758 per
568 675 651 757 quod
674 674 846 738 infinitivus
866 673 1071 757 prohibitivus
1091 698 1154 740 non
1173 679 1261 762 iungi

170 784 248 848 solet
272 807 342 848 cum
366 785 559 849 substantivo
583 784 636 847 sed
660 806 730 847 cum
753 790 820 846 tota
842 784 994 846 sententia
1017 784 1065 847 vel
1088 786 1189 850 verbo.

210 896 227 977 ᾧ
252 897 280 956 6.
328 894 364 958 όιν
385 894 408 957 δ’
429 897 535 975 όφόόνσι
559 894 756 976 (κλέπτοντες)
781 893 797 967 ή
821 892 898 972 μέρει
922 898 978 956 τῶν
1000 894 1187 970 οὶόικημοότυν
1210 897 1258 960 τὸν

166 1003 289 1066 κίνδυνον
312 989 494 1085 ἐξεπρίαντο,
519 1003 535 1076 ή
556 1003 596 1073 εἷς
618 1004 723 1078 dadau
742 1002 949 1073 καταστάντες
972 1010 1009 1081 πή
1029 1003 1124 1067 οιὺτῶν
1139 1003 1257 1080 δυνόμει

165 1112 317 1186 ε’σόόησοιν.
364 1110 506 1175 Insolens
537 1118 584 1174 est
614 1111 745 1188 οὶδόκημκ
777 1132 832 1196 pro
858 1116 991 1195 pecunia
1022 1117 1133 1176 r'niaste
1152 1120 1256 1195 parto.

165 1221 331 1285 Manifesto
363 1222 443 1284 enim
474 1221 533 1283 hoc
566 1221 649 1284 vult:
685 1222 816 1305 pecunia
847 1221 951 1284 oblata
982 1229 1184 1305 corrumpunt
1212 1245 1259 1285 ac-

165 1340 331 1395 cusatores.
366 1331 427 1393 Pro
450 1325 571 1412 όφόῶσιν
596 1330 751 1416 Hirschig.
776 1331 934 1407 ληφθῶσιν,
959 1330 1012 1394 sed
1037 1331 1075 1395 cf.
1099 1334 1116 1414 d
1140 1334 1177 1394 3:
1206 1333 1255 1395 aa)

164 1443 195 1504 οὐ
219 1446 267 1504 νῦν
290 1445 399 1519 πρῶτον
423 1440 559 1519 ὤφόησοιν
583 1440 756 1510 ἀδικοῦντες.

208 1551 225 1633 d
249 1551 278 1613 7.
325 1558 362 1630 πή
390 1551 467 1629 οιότή
498 1550 591 1629 ψήφῳ
621 1549 687 1621 τοός
712 1549 740 1612 τ’
763 1549 873 1619 ἄλλους
897 1549 1101 1628 κοσμιωτέρους
1125 1552 1258 1622 ποιήσετε

165 1658 181 1731 ή
207 1663 263 1721 νῦν
286 1659 375 1731 εἰσι,
400 1657 448 1720 aa)
477 1657 558 1735 πυρόε
581 1657 689 1721 τούτων
711 1656 790 1731 δίκην
813 1657 966 1737 εἰληφότες
991 1656 1098 1724 ἔσεσόε.
1146 1658 1258 1722 Melius

165 1788 270 1828 rursus
302 1765 334 1828 in
364 1764 571 1828 Nicomachea
601 1767 618 1849 d
642 1769 699 1827 23:
733 1775 769 1845 πή
794 1768 869 1844 κύτή
892 1767 985 1846 ψήφῳ
1008 1768 1074 1837 τοὺς
1097 1764 1126 1829 τ’
1149 1766 1258 1838 όιλλονς

164 1875 299 1951 βελτίους
341 1875 473 1946 ποιήσετε
506 1873 555 1936 aa}
591 1874 673 1952 ποιρόι
707 1873 809 1938 τούτου
843 1872 921 1947 δίκην
953 1875 1107 1955 εἰληφότες
1142 1875 1256 1958 όσεσόε,

165 1983 285 2046 omissis
310 1983 326 2058 ή
350 1988 398 2046 νῦν
420 1985 483 2047 εἱσι.

208 2094 225 2176 d
248 2096 278 2155 9.
325 2090 420 2175 Digni
442 2095 534 2167 sunt,
554 2090 657 2173 inquit
677 2097 794 2166 orator,
816 2090 870 2172 qui
890 2090 1132 2154 condemnentur
1138 2117 1148 2168 3
1173 2098 1258 2155 etna

164 2206 200 2262 ut
227 2200 391 2263 audiantur
415 2199 539 2284 quidem
564 2199 720 2282 postulare
742 2205 872 2282 possunt
895 2200 976 2282 (ἀλλ’
997 2202 1047 2263 οὐκ
1069 2199 1105 2264 όιν
1127 2203 1257 2278 ήνοῡμκι

163 2310 268 2380 αὐτοὺς
288 2310 365 2383 δίκην
384 2309 471 2384 οέξόκν
483 2345 528 2356 -
545 2309 565 2370 i.
579 2331 604 2371 e.
624 2309 697 2370 satis
712 2328 855 2390 magnam
870 2345 914 2355 -
931 2308 1078 2373 δεδυκόνοιι
1086 2358 1095 2390 ,
1117 2311 1140 2373 εἰ
1155 2311 1258 2388 dacoa-

162 2416 281 2493 τοόμενοι
305 2422 399 2482 αὐτῶν
422 2417 706 2499 κκτοιφηφίσκισόε).
742 2416 821 2478 Tum
844 2417 944 2500 pergit
968 2418 1072 2481 statim
1096 2425 1156 2490 πῶς
1180 2417 1255 2500 γάρ,

163 2521 304 2608 ὦόινδρες
328 2529 482 2602 traxerat,
507 2523 546 2598 οἷς
570 2528 632 2590 οὐδὲ
654 2527 753 2590 τοιότόι
776 2526 826 2589 κκὶ
851 2527 918 2601 ὑμῖν
937 2526 1095 2607 συμφόρει;
1125 2527 1255 2591 Meliora

163 2636 211 2698 his
243 2638 409 2721 exspectari
439 2645 598 2721 poterant;
631 2635 749 2719 aliquid
778 2635 897 2717 insigne
928 2635 966 2697 ad
989 2636 1172 2718 pravitatem
1195 2660 1256 2700 mc·

163 2744 345 2808 morandum
376 2753 456 2822 erat,
489 2767 543 2807 cur
572 2746 611 2807 iis
641 2751 823 2827 negaretur,
857 2744 940 2827 quod
963 2745 1089 2828 reliquis
1112 2745 1257 2808 maleficis

163 2854 288 2917 concedi
320 2855 446 2932 soleret,
480 2866 532 2918 aut
564 2854 625 2918 tale
656 2854 747 2936 quid:
779 2876 842 2917 non
873 2853 960 2936 digni
991 2863 1064 2918 sunt
1095 2857 1149 2938 qui
1173 2857 1258 2920 audi·

163 2969 271 3037 antur3
304 2985 373 3025 nam
405 2970 494 3027 autea
525 2964 584 3047 ipsi
614 2984 736 3046 quoquc
760 2963 911 3045 corruptis
936 2965 1164 3028 accusatoribus
1189 2967 1256 3029 effe·

163 3078 287 3147 cerunt,
321 3080 356 3133 ut
383 3094 436 3134 vos
459 3073 597 3156 ipsorum
620 3093 743 3134 causam
766 3092 829 3133 non
852 3073 1076 3154 cognosceretis
1100 3073 1150 3155 (cf.
1174 3076 1190 3156 o
1215 3077 1255 3158 6).

162 3179 272 3264 Neque
296 3188 398 3244 tamen
421 3181 596 3244 Hamakero
620 3180 788 3255 assentior,
814 3179 888 3241 haec
912 3180 956 3242 ita
978 3180 1066 3264 iungi
1083 3182 1120 3245 ab
1137 3191 1255 3248 oratore

162 3312 224 3352 non
248 3290 394 3373 potuisse.
442 3289 563 3372 Aliquis
588 3290 670 3352 enim
692 3310 789 3351 nexus
813 3297 859 3351 est
882 3289 914 3352 in
937 3289 995 3352 his.
1032 3290 1157 3356 Summa
1173 3295 1254 3357 enim

162 3400 330 3464 sententiae
362 3400 525 3484 superioris
558 3401 633 3463 haec
661 3407 724 3475 est,
749 3421 811 3462 non
834 3407 951 3483 ομοιόεό
972 3423 1023 3463 cos
1047 3402 1170 3481 audire,
1197 3427 1258 3467 non

162 3509 237 3572 utile
261 3510 356 3573 vobis.
392 3509 442 3572 Ad
464 3531 557 3591 quam
580 3509 740 3572 attendens
765 3508 824 3571 hoc
842 3509 1010 3593 significat:
1036 3511 1074 3572 iis
1091 3512 1172 3574 enim
1189 3536 1258 3577 con·

162 3619 287 3683 duceret
310 3642 433 3683 causam
456 3619 572 3695 dicere3
598 3619 650 3682 sed
674 3641 753 3702 quae
775 3619 837 3682 illis
863 3620 951 3682 utilia
975 3629 1064 3696 sunt,
1083 3621 1168 3684 vobis
1185 3630 1257 3685 sunt

162 3730 263 3793 noxia.
310 3730 408 3793 Addit
430 3729 526 3814 igitur
549 3730 623 3794 haec
646 3730 734 3812 quasi
759 3731 791 3792 iu
815 3728 1025 3812 superioribus
1041 3754 1102 3794 non
1119 3733 1158 3796 de
1173 3733 1254 3797 iusto

162 3835 260 3920 (οὶξόκν
295 3837 383 3922 δίκην)
417 3839 471 3901 sed
500 3838 537 3901 de
565 3839 636 3901 utili
659 3847 809 3924 ageretur.
858 3838 1006 3918 Quamvis
1029 3842 1125 3918 male,
1153 3849 1255 3907 tamen

162 3967 218 4008 sua
240 3946 358 4009 ratione
381 3952 622 4030 argumentatur.
1210 3934 1213 3942 ’

206 4057 223 4139 d
248 4057 298 4118 12.
345 4057 395 4119 aa}
422 4063 469 4121 νῦν
496 4056 563 4128 ἴσως
591 4059 768 4133 ποιήσουσιν,
797 4057 872 4136 όόπες
897 4062 946 4122 κοιὶ
966 4058 1098 4138 πρότερον
1123 4056 1195 4133 ήσκν
1219 4059 1255 4122 εἰ·

161 4164 282 4240 όισμόνοι
306 4164 355 4227 κοόι
375 4165 499 4242 δημόσιοι
519 4165 569 4228 arri
588 4167 687 4246 φίλοι,
708 4164 846 4238 κλόοντες
867 4164 1042 4241 ἐξκιτεῖπόοιι
1062 4168 1168 4238 αὐτοὺς
1184 4169 1255 4248 παρ’

163 4274 250 4351 ὑμῶν.
275 4275 432 4339 Palatinus
448 4273 623 4359 ε’ξκιτεῖσόε,
645 4277 871 4341 Laurentianus
889 4277 1052 4340 manifesta
1068 4277 1254 4340 correctione
