2850 5024
801 398 843 458 24

277 596 468 681 eloquentiae
489 595 551 658 sint
567 594 789 674 admovendae,
808 598 861 660 sed
879 598 1007 683 simplex
1024 599 1173 683 expositio
1185 600 1367 676 satisfaciat,

277 717 313 773 ut
340 708 554 771 assentiantur.

321 818 370 884 Ab
392 819 451 882 hac
473 841 574 883 rerum
599 819 647 902 (ut
662 819 706 882 ita
723 817 831 904 dicam)
856 821 1004 885 brevitate
1020 821 1187 906 Dionysius
1204 822 1371 906 distinguit

276 931 328 1005 την
346 931 565 1010 συστρέφουσοον
583 931 625 995 τά
643 930 777 1006 νοημοτοο
796 931 845 995 acl
864 934 1053 1010 στρογγύλως
1075 933 1251 1014 ἐκφέρουσαν
1270 932 1367 1008 λέξον,

277 1041 390 1126 quibus
422 1040 520 1104 verbis
551 1040 589 1104 ad
617 1040 734 1125 periodi
757 1043 880 1126 respicit
904 1043 1137 1128 proprietatem,
1162 1065 1224 1127 qua
1247 1051 1368 1107 senten-

275 1154 336 1217 tiae
359 1152 391 1215 in
414 1152 504 1216 breve
527 1159 647 1214 coactae
671 1151 752 1215 nodo
776 1153 864 1236 quasi
887 1162 1122 1218 connectuntur.
1170 1153 1238 1217 Hoc
1262 1164 1365 1218 autem

277 1287 338 1348 quo
361 1265 427 1327 iure
450 1262 727 1327 Halicarnassensis
749 1263 858 1349 Lysiae
882 1265 1052 1344 adscribat,
1079 1266 1188 1330 viderit
1211 1267 1285 1350 ipse.
1325 1265 1367 1328 Et

276 1385 378 1440 tamen
401 1374 438 1439 de
462 1375 712 1459 interpretatione
736 1376 800 1439 eius
826 1378 993 1441 sententiae
1019 1378 1152 1442 dubitari
1178 1400 1239 1441 non
1256 1383 1366 1461 potest.

276 1486 413 1550 Eandem
437 1485 516 1551 enim
541 1485 692 1570 significat
715 1487 879 1565 virtutem,
905 1510 995 1572 quam
1020 1488 1225 1552 Demostheni
1248 1510 1368 1552 summo

276 1599 342 1663 iure
365 1597 458 1681 vulgo
482 1595 661 1659 adscribunt
691 1597 886 1675 (Δημοσθένης
910 1599 939 1663 δὲ
962 1599 1011 1663 acl
1036 1599 1252 1680 ὑπερεβάλετο,
1277 1598 1297 1661 l.
1323 1598 1367 1682 l).

276 1710 324 1774 De
354 1710 448 1773 Isocr.
481 1730 507 1772 c.
541 1710 577 1771 2:
602 1706 772 1787 στρογγύλη
804 1708 830 1771 δ’
852 1710 902 1773 οὐκ
925 1709 1002 1775 ἔστιν
1027 1711 1054 1793 (η
1079 1709 1255 1788 Ἰσοκράτους
1278 1708 1368 1793 λέξις)

275 1821 369 1900 ὥσπερ
387 1822 477 1895 ἐκείνη
499 1821 529 1903 (ἡ
549 1819 669 1902 Λυσίου)
690 1819 740 1882 aa)
760 1821 1086 1898 συγκεκροτημένη.
1122 1820 1169 1885 Ib.
1194 1844 1220 1885 c.
1247 1824 1285 1884 ll
1308 1820 1369 1904 Ly·

276 1934 350 1997 siam
375 1932 534 2018 praeponit
555 1929 685 1995 Isocrati
701 1932 786 2012 ἐντῷ
802 1933 973 2012 συστρέφειν
988 1932 1028 1997 τά
1044 1932 1175 2009 totam
1190 1931 1368 2018 (νοήμκτάέ)

275 2044 324 2109 nal
343 2044 532 2124 στρογγύλως
552 2040 691 2123 ἐκφέρειν.
722 2042 800 2107 Sane
819 2042 928 2127 Lysias
949 2066 1009 2107 non
1026 2043 1119 2108 habet
1136 2044 1258 2108 dulcem
1274 2053 1368 2127 atque

276 2158 432 2222 decoctam
463 2154 634 2220 ubertatem
666 2153 784 2238 periodi
812 2154 997 2233 Isocrateae,
1022 2177 1127 2219 rerum
1151 2163 1196 2219 est
1220 2154 1369 2238 quiddam

275 2270 355 2333 inter
377 2267 495 2331 Tanain
518 2288 718 2350 socerumque
742 2265 860 2330 Viselli.
908 2265 981 2331 Non
1004 2266 1129 2331 densam
1154 2276 1184 2332 et
1211 2267 1368 2331 astrictam

276 2381 438 2445 verborum
468 2379 561 2443 habet
584 2378 903 2463 comprehensionem,
928 2388 1089 2464 propterea
1112 2379 1195 2463 quod
1218 2380 1369 2443 Isocrates

172 2550 176 2555 .
276 2493 422 2578 prolixior
444 2497 499 2555 est.
536 2490 636 2554 Facile
659 2490 884 2575 intellegimus,
908 2491 1152 2576 Theophrastum
1177 2493 1210 2555 in
1230 2515 1265 2556 eo
1282 2515 1300 2555 a
1315 2490 1371 2553 Di·

277 2604 383 2690 onysio
407 2602 566 2667 dissentire
588 2602 741 2687 potuisse,
763 2625 859 2686 quum
879 2625 934 2667 suo
946 2604 1013 2668 iure
1029 2603 1289 2689 Thrasymachum
1306 2602 1371 2684 (an-

276 2716 439 2799 tiquiorem
463 2713 639 2797 ceteroquin
663 2735 756 2797 quam
777 2713 884 2798 Lysias
909 2718 966 2798 est)
985 2722 1157 2780 structurae
1173 2714 1368 2800 periodorum

276 2833 447 2892 contractae
470 2826 658 2890 inventorem
682 2824 885 2910 praedicaret;
911 2826 948 2890 cl.
973 2827 1010 2890 de
1032 2826 1104 2911 Lys.
1121 2829 1158 2904 6,
1175 2825 1213 2890 de
1228 2825 1317 2888 Dem.
1336 2825 1367 2887 3.

276 2938 342 3003 Nec
365 2959 436 3001 vero
460 2936 567 3021 Lysias
591 2936 706 3019 ubique
730 2935 829 2999 brevis
852 2945 907 3001 est.
945 2936 1025 3002 Vide
1048 2938 1131 3002 hu'nc
1154 2937 1257 3001 locum
1280 2933 1368 2999 eNi-

276 3049 438 3115 comachea
459 3050 476 3134 ᾧ
497 3050 556 3112 21:
573 3049 601 3112 ἐν
622 3048 693 3112 δυοῖν
712 3047 766 3124 μὲν
785 3049 858 3113 ἐτοῖν
877 3049 968 3113 τλεέω
988 3048 1038 3124 ἤδη
1057 3055 1109 3114 τοῦ
1129 3048 1236 3119 δέοντος
1255 3047 1365 3111 δάδεκοο

275 3158 401 3228 τάλαντ’
424 3161 572 3234 άνηλωσε,
596 3159 665 3238 τοορ’
690 3155 813 3225 έκοοστον
836 3159 865 3224 δέ
887 3159 962 3245 [τὸν]
984 3160 1110 3226 ένοοιυτδν
1129 3160 1317 3240 ἐπεχείρησεν
1333 3155 1367 3234 ἓξ

276 3273 432 3344 τοολάντονς
461 3273 513 3347 την
543 3271 625 3336 σάλον
657 3270 808 3350 ζημιῶσοον.
852 3270 898 3335 Of.
928 3271 1018 3336 etiam
1042 3271 1080 3335 ad
1106 3274 1156 3336 la.
1184 3274 1222 3334 19
1248 3279 1278 3334 et
1304 3272 1365 3347 63,

278 3393 308 3449 et
339 3384 377 3448 ad
407 3386 459 3448 28.
492 3385 542 3446 16.
589 3381 724 3446 Omnino
748 3397 949 3467 quaecunque
973 3383 1158 3468 praestantia
1181 3388 1300 3467 poterat
1323 3382 1368 3445 in-

277 3496 394 3572 venire,
420 3493 551 3558 casatis
575 3492 742 3557 liberaliter
764 3492 874 3578 Lysiae
898 3492 1014 3557 Rhetor
1037 3493 1207 3578 adscripsit.

320 3605 462 3670 Percurri
483 3603 633 3669 iudicium
657 3604 787 3688 Dionysi
796 3631 804 3682 ;
825 3627 926 3689 neque
943 3607 1023 3671 enim
1039 3606 1077 3670 de
1093 3606 1227 3691 puritate
1242 3605 1368 3690 linguae

277 3726 307 3782 et
331 3715 504 3780 sinceritate
528 3715 668 3779 crambeu
692 3723 843 3779 recoctam
867 3739 1020 3802 apponere
1043 3717 1154 3802 placet.
1200 3715 1368 3802 Splendido

275 3829 330 3893 illo
354 3828 503 3891 virtutum
526 3825 688 3911 praeconio
712 3827 828 3890 factum
851 3836 916 3906 est,
940 3835 977 3892 ut
1000 3850 1088 3893 suam
1103 3829 1162 3913 ipsi
1184 3828 1366 3893 sententiam

276 3940 313 4005 do
343 3939 452 4024 Lysiae
482 3939 597 4003 meritis
620 3960 683 4002 non
710 3939 950 4023 pronunciarent
980 3940 1111 4005 editores
1135 3948 1165 4004 et
1188 3941 1363 4025 opinionem

277 4052 314 4115 de
345 4051 529 4136 praestantia
551 4049 757 4135 susciperent,
783 4050 833 4114 cui
856 4051 972 4116 multae
995 4075 1032 4116 ex
1055 4052 1261 4130 orationibus
1286 4076 1365 4138 quae

276 4163 428 4246 hodieque
452 4168 585 4239 exstant,
609 4183 718 4246 parum
738 4161 934 4247 respondent.
970 4162 1042 4227 Non
1061 4171 1182 4229 tantum
1202 4189 1237 4230 ex
1253 4167 1366 4230 tradita

277 4272 408 4358 quadam
431 4273 574 4359 opinione
598 4271 701 4336 rhetor
716 4271 824 4357 Lysiae
846 4273 973 4337 virtutes
1002 4277 1212 4360 exaggeravit3
1230 4276 1282 4341 sed
1299 4279 1365 4342 eius

276 4386 343 4449 laus
374 4386 484 4473 partim
509 4385 598 4450 etiam
630 4384 701 4447 inde
732 4391 778 4446 est
808 4385 1004 4469 explicanda,
1030 4387 1113 4471 quod
1136 4390 1235 4454 multo
1259 4389 1363 4475 plures
