2850 5024
705 335 764 395 128

182 537 247 605 τοὺς
271 537 394 608 πολίταις
420 538 466 600 καὶ
491 541 559 618 πρὸς
584 539 649 611 τοὺς
673 538 786 615 ξένους,
811 540 852 605 ὅτι
875 541 1011 616 Ἀθήνησι
1034 548 1168 606 τοσοῦτον
1185 541 1285 606 δόντ’

181 672 247 729 ται,
279 646 342 711 ὅσθ’
373 650 450 725 ὑμᾶς
481 651 546 722 τοὺς
572 651 697 728 αὐτούς,
725 653 787 733 περὶ
812 648 847 716 ὧν
871 651 964 733 ὅρκους
988 655 1178 731 ὀμωμόκατε,
1202 655 1266 731 ὑμῖν

182 761 279 830 αὐτοῖς
306 761 451 824 τάναντία
482 770 569 826 ποιεῖν
603 763 790 844 ψηφίζεσθαι.
838 764 884 829 De
916 767 1077 851 postremis
1102 765 1260 830 tacentia

131 941 134 948 Ι
181 876 335 956 terpretes.
372 871 452 935 Fieri
476 883 576 958 potest
600 884 634 938 ut
658 874 764 952 fallar,
789 875 841 938 sed
866 875 978 939 horum
1002 877 1156 940 sententia
1179 877 1256 959 impe-

180 979 330 1044 ditissima
353 991 407 1045 aut
430 985 532 1067 potius
557 985 642 1047 nulla
664 984 802 1063 videtur,
832 987 890 1050 nisi
916 987 1078 1051 eiiciantur
1098 987 1190 1051 verba
1204 975 1259 1058 τοὺ-ς’

180 1093 295 1163 αὐτούς.
327 1092 459 1178 Egregia
483 1117 553 1158 vero
578 1096 645 1159 lans
662 1097 719 1159 erit
734 1096 882 1160 Pelioeho
900 1097 926 1161 si
942 1098 1111 1162 ostenderit
1126 1106 1262 1175 „tantum

178 1226 233 1279 „se
261 1226 347 1289 posse
379 1204 525 1282 Athenis,
560 1214 594 1269 ut
626 1206 741 1270 efficere
772 1208 886 1290 possit,
915 1215 950 1271 ut
974 1209 1005 1272 in
1029 1210 1065 1272 iis
1094 1210 1203 1286 rebuS,
1230 1209 1262 1272 de

178 1315 313 1399 „quibus
337 1317 526 1395 iuraveritis,
551 1318 701 1382 vobismet
726 1319 801 1403 ipsis
825 1320 977 1383 contraria
1001 1319 1204 1385 decernatis.”

220 1428 237 1511 ᾧ
263 1430 312 1492 16,
359 1428 437 1504 ἄξιον
468 1430 495 1493 δὲ
522 1431 659 1506 μάλιστα
685 1433 824 1513 Φθονῆοαι
850 1430 892 1496 ἔτι
921 1429 1007 1503 οὕτος
1029 1433 1079 1508 ἤδη
1103 1435 1128 1497 οἱ
1151 1434 1191 1497 τοὶ
1214 1442 1264 1507 τῆς

176 1537 287 1611 πόλεως
311 1539 486 1621 πράττοντες
506 1541 675 1606 διάκεινται.
715 1542 788 1606 Ince
810 1543 915 1606 multis
931 1546 1072 1624 φθονῆσαι
1089 1543 1168 1606 illud
1185 1543 1267 1607 nude

176 1652 310 1734 positum
345 1661 519 1738 suspectum
554 1655 614 1718 fuit
621 1681 630 1732 ;
666 1656 801 1719 rhetores
834 1657 914 1719 enim
950 1656 1066 1719 invidia
1098 1656 1209 1740 dignos
1241 1655 1266 1718 si

174 1754 343 1846 significare
363 1763 523 1842 voluisset,
541 1766 596 1828 hos
613 1766 716 1828 statim
735 1774 1008 1830 commemorasset.
1044 1767 1159 1830 Tamen
1177 1774 1267 1850 aegre

173 1896 258 1939 caree
283 1875 372 1939 verbe
396 1878 552 1956 Φθονῆσαι,
577 1877 659 1961 quod
682 1877 791 1941 lectius
815 1887 865 1941 est
883 1887 913 1941 et
930 1879 1153 1962 significantius
1170 1900 1265 1961 quam

170 1986 338 2070 dcccdccc,
370 1990 580 2064 ἀγανακτῆσαι
613 1987 733 2072 (Dobr.)
766 1994 838 2066 eut,
873 1989 955 2073 quod
987 1989 1063 2052 mihi
1087 1988 1157 2051 coll.
1182 1990 1199 2072 ᾦ
1223 1991 1265 2050 25

171 2098 335 2182 aliqnando
367 2099 499 2184 placuit,
530 2100 684 2177 βοηθῆσαι.
733 2100 827 2163 Porro
859 2099 1004 2179 διάκειμαι
1038 2123 1099 2162 nen
1126 2106 1209 2163 reete
1233 2124 1267 2164 se

171 2210 280 2273 habet:
313 2217 359 2273 est
383 2214 508 2293 effectae
531 2234 609 2288 cum,
635 2234 667 2275 ec
690 2215 829 2276 redactae
854 2235 936 2288 cana·
959 2211 1026 2292 πρός
1051 2235 1117 2276 τινα
1139 2210 1189 2273 vel
1213 2236 1264 2275 τιε

170 2325 284 2402 referri
310 2325 365 2398 cd;
396 2320 448 2384 sed
476 2345 508 2385 eo
527 2327 714 2406 potentiae
733 2328 859 2406 pcrceac'
880 2345 940 2385 uon
971 2330 1017 2385 est
1039 2319 1110 2387 οὕτω
1134 2322 1266 2386 διανει-

170 2408 254 2508 acis
291 2431 470 2517 Legendum
494 2433 615 2497 videtur
637 2433 709 2509 ἄξιοι
733 2436 762 2498 δὲ
785 2434 923 2511 μάλιστα
946 2438 1095 2517 φθονῆσαι.
1144 2433 1192 2497 De
1216 2434 1263 2497 in-

169 2544 286 2607 finitivo
318 2547 416 2608 activo
448 2546 473 2608 si
505 2547 583 2609 tanti
614 2555 675 2623 est,
707 2547 744 2609 cf.
774 2569 899 2630 gramm.
934 2570 1002 2611 mea
1031 2548 1047 2631 t
1079 2548 1130 2608 55.
1157 2548 1198 2607 le
1231 2555 1263 2608 et

170 2678 240 2718 ann.
274 2658 326 2718 32.
373 2655 492 2720 Deinde
522 2658 546 2721 ci
578 2655 664 2728 οὕτως
694 2657 744 2734 ἤδη
773 2661 812 2722 ταὶ
843 2667 895 2731 τῆς
923 2660 1033 2730 πόλεως
1064 2658 1263 2735 πράττοντες,

168 2765 234 2830 ὥστ’
265 2768 322 2846 οὐχ
353 2792 379 2832 κ.
409 2792 435 2831 τ.
466 2768 489 2831 ἕ.
537 2769 575 2833 Οἱ
603 2774 648 2832 est
672 2769 842 2832 emendatio
865 2770 897 2832 in
921 2771 1057 2854 margine
1082 2767 1183 2854 posita
1207 2766 1272 2832 τοῦ

166 2876 224 2956 ἔτι,
249 2878 301 2940 sed
325 2878 423 2942 alieno
446 2879 513 2943 loco
531 2880 653 2944 inserta.
687 2879 733 2943 Of.
760 2880 797 2943 ad
823 2883 874 2944 25.
895 2885 922 2944 1.
940 2881 977 2944 In
1011 2882 1070 2944 fine
1087 2879 1261 2944 sententiae

167 2996 290 3073 propter
313 2992 512 3074 oppositionis
536 2992 773 3055 concinnitatem
796 2993 855 3075 αφ’
877 2988 912 3056 ὧν
936 2991 972 3056 ἂν
995 3031 1039 3039 -
1061 2996 1161 3055 ταῦτα
1187 3012 1259 3054 con-

165 3101 321 3176 junctione
353 3101 555 3185 disiungenda
587 3125 646 3166 nen
678 3103 820 3166 videntur
854 3100 966 3184 (ταῦτα
997 3101 1020 3165 δ’
1052 3102 1172 3179 Baiter,
1207 3104 1258 3168 καὶ

178 3218 277 3276 ταῦτα
306 3210 428 3296 Cobet),
464 3206 560 3297 quod
575 3213 688 3277 factum
714 3214 751 3278 ab
775 3213 943 3277 editoribus
969 3237 1006 3277 ne
1029 3215 1113 3278 αὐτοί
1136 3214 1259 3279 solocee

166 3323 204 3388 ab
228 3333 345 3387 oratore
369 3324 485 3388 dictum
508 3334 594 3388 esset.
620 3325 742 3403 Vereor,
774 3333 810 3388 ut
841 3332 946 3389 eontra
978 3340 1165 3395 consensum
1194 3326 1259 3389 De-

164 3436 244 3513 brei,
277 3435 459 3513 Hamakeri,
489 3435 635 3515 Scheibii,
650 3436 773 3501 'Cobeti
797 3439 979 3501 sententiam
1004 3437 1175 3514 obtineam3
1200 3438 1256 3502 sed

165 3555 264 3611 tamen
286 3547 352 3625 hie,
373 3549 397 3610 si
417 3549 485 3632 quis
509 3557 571 3626 est,
597 3548 792 3613 soloecismus
815 3572 877 3612 non
896 3549 940 3612 ita
956 3549 1032 3612 mihi
1048 3548 1255 3614 intolerabilis

164 3668 226 3736 est,
258 3661 331 3743 quin
355 3668 477 3746 propter
500 3661 677 3744 gravitatem
702 3661 906 3746 oppositionis
930 3683 949 3722 a
970 3659 1062 3744 Lysia
1084 3659 1256 3724 admissum

164 3771 293 3835 credam.
331 3770 504 3835 Adiciatur
527 3772 608 3835 enim
631 3771 718 3844 αὐτός
742 3771 852 3856 partim
877 3771 1036 3839 manifesta
1060 3771 1254 3855 oppositione

164 3906 232 3947 eum
261 3884 467 3968 superioribus
496 3887 553 3964 οὐχ
575 3883 635 3948 ὅτι
660 3883 695 3949 ἂν
717 3893 759 3967 τῇ
783 3883 884 3948 πόλει
907 3885 1061 3960 βέλτιστον
1085 3881 1114 3963 ᾖ,
1139 3885 1251 3966 partim

163 4016 197 4055 eo
229 3993 311 4077 quod
340 3994 510 4059 subiectum
541 3995 642 4072 ὑμεῖς,
672 3994 754 4078 quod
783 3991 857 4058 οὗτοι
888 3993 1073 4085 postularet,
1107 4002 1176 4079 post
1201 4017 1253 4078 po·

161 4104 262 4182 nitur;
298 4104 428 4189 denique
457 4104 540 4189 quod
570 4105 661 4168 verba
684 4104 768 4170 ταῦθ’
792 4106 873 4182 ὑμεῖς
896 4105 1058 4187 ψηφίζεσθε
1082 4103 1163 4167 idem
1187 4107 1251 4170 fere

168 4216 340 4298 significant
370 4225 462 4301 atque
493 4223 592 4281 ταῦτα
624 4217 722 4299 ῥαδίως
745 4216 979 4294 διαπράττονται.

203 4328 220 4410 ᾗ
240 4329 292 4389 23.
335 4330 374 4400 εἷς
393 4330 458 4400 τοὺς
477 4324 547 4392 οὕτω
567 4329 802 4406 πολιτευομένους
823 4328 891 4408 ὑπὲρ
913 4337 965 4403 τῆς
987 4329 1136 4398 πολιτείας
1152 4327 1183 4404 ἧς
1195 4330 1247 4393 καὶ
