2850 5024
771 388 810 448 la

251 610 319 650 rum
351 595 490 672 augeret,
522 611 570 652 res
601 610 804 674 exaggerasse.
839 588 871 652 Si
898 591 967 675 quis
991 613 1025 652 ea
1049 596 1163 666 aetate,
1188 610 1265 674 quae
1289 587 1334 649 hi·

252 700 363 763 storiae
394 700 462 764 luce
493 701 566 764 satis
596 700 749 765 illustrata
780 709 842 778 est,
872 708 993 765 tantum
1016 701 1146 765 Athenis
1174 700 1333 776 valuisset,

252 818 401 896 quantum
424 810 630 875 Nicomachus
637 861 646 891 ,
670 820 706 875 ut
729 812 832 896 legum
855 812 974 876 tabulas
998 813 1080 876 domi
1104 811 1185 897 apud
1209 834 1241 874 se
1264 810 1335 873 reti·

251 931 353 1001 neret,
378 929 409 986 et
431 945 468 986 ne
493 923 688 1008 magistratus
711 922 835 1007 quidem
851 945 899 986 eas
915 921 1055 986 manibus
1072 922 1138 986 eius
1154 928 1334 1003 extorquere

252 1033 440 1118 potuissent3
473 1035 499 1097 si
523 1035 675 1117 Agoratus
699 1041 769 1097 ante
792 1033 953 1117 imperium
977 1033 1104 1118 triginta
1127 1034 1261 1096 virorum
1283 1031 1334 1093 de·

251 1143 365 1206 latione
388 1165 444 1206 sua
467 1143 630 1221 effecisset,
656 1151 690 1207 ut
713 1144 836 1228 strategi
860 1152 891 1207 et
913 1144 1060 1207 taxiarchi
1076 1144 1333 1218 interficerentur,

252 1254 405 1340 quomodo
436 1255 559 1318 tandem
589 1256 652 1318 fieri
685 1255 850 1339 potuisset,
875 1264 911 1318 ut
934 1255 1043 1318 horum
1066 1255 1226 1319 hominum
1250 1253 1336 1316 nulla

252 1365 313 1428 fere
331 1365 445 1429 mentio
470 1364 551 1451 apud
575 1365 735 1429 historicos
751 1365 903 1429 exstaret?
927 1365 1102 1430 Secundum
1116 1366 1239 1451 Lysiam
1256 1368 1338 1448 Ago-

253 1485 354 1581 ratus,
379 1476 417 1541 de
440 1475 540 1540 medio
563 1477 686 1540 remotis
708 1477 848 1542 omnibus
872 1477 1004 1559 (nullum
1019 1478 1109 1563 plane
1125 1477 1247 1561 excipit)
1263 1482 1337 1538 stra·

253 1590 331 1674 tegis
355 1596 386 1652 et
408 1588 586 1665 taxiarchiS,
611 1587 764 1666 effecerat,
788 1596 824 1652 ut
843 1587 999 1674 Lysander
1019 1591 1210 1654 Athenarum
1230 1594 1337 1672 portus

254 1708 431 1785 occuparet,
450 1700 529 1763 muri
549 1699 758 1778 diruerentur,
779 1701 905 1785 triginta
925 1702 981 1764 viri
1003 1701 1245 1764 instituerentur.
1277 1697 1334 1760 Sed

253 1812 407 1875 verissime
430 1811 600 1875 observavit
623 1810 661 1875 G.
683 1810 777 1875 Grote
794 1811 888 1895 (Hist.
905 1813 939 1875 of
952 1811 1081 1890 Graece,
1099 1810 1189 1874 VIII.
1207 1834 1236 1895 p.
1255 1812 1336 1885 235,

254 1945 284 1986 n.
311 1924 340 1984 2.
364 1920 412 1988 ed.
436 1921 578 2005 Americ.)
602 1923 681 1986 inter
703 1921 836 1985 reditum
858 1921 1053 1987 Theramenis
1069 1930 1099 1986 et
1114 1922 1241 2006 triginta
1257 1920 1336 1982 viros

255 2034 414 2097 institutos
445 2031 591 2096 delationi
622 2033 674 2096 isti
704 2033 806 2096 locum
837 2055 899 2096 non
931 2033 1034 2097 fuisse.
1082 2032 1191 2116 Itaque
1222 2038 1259 2095 ut
1280 2031 1338 2094 viri

255 2143 377 2228 culpam
402 2150 527 2228 augeat,
553 2143 736 2208 delationem
759 2143 904 2210 adscribit
928 2143 1072 2228 tempori,
1097 2165 1158 2228 quo
1182 2143 1261 2206 lacta
1276 2164 1338 2204 non

256 2263 311 2319 est.
358 2255 399 2319 Et
430 2278 469 2319 ne
499 2256 617 2340 reliqua
648 2255 772 2341 quidem
802 2278 872 2341 vera
902 2278 966 2318 esse
990 2255 1213 2339 spoponderim.
1260 2252 1339 2333 Quis

256 2367 337 2431 enim
366 2367 482 2444 credat,
517 2389 620 2431 omnes
644 2366 736 2431 duces
759 2366 796 2430 ab
821 2368 955 2452 Agorato
980 2376 1010 2430 et
1033 2366 1194 2429 Theocrito
1218 2367 1339 2449 (13.22)

256 2486 413 2542 accusatos
444 2488 476 2543 et
504 2485 601 2542 morte
632 2477 790 2542 damnatos
814 2477 900 2541 esse?
935 2477 1009 2541 Tale
1032 2477 1107 2560 quid
1131 2475 1285 2540 Diodorus
1309 2483 1340 2538 et

256 2590 447 2673 Xenophon,
465 2591 584 2654 etiamsi
599 2591 773 2655 summatim
789 2589 911 2654 tradant
927 2591 992 2654 eius
1008 2591 1151 2673 temporis
1167 2589 1338 2664 historiam,

257 2724 319 2766 non
335 2702 511 2766 tacuissent.
547 2702 685 2766 Eximius
700 2701 752 2765 ille
768 2702 930 2766 historicus
938 2751 948 2780 ,
966 2701 1003 2765 ad
1021 2724 1111 2785 quem
1126 2700 1217 2765 modo
1234 2721 1339 2784 provo-

258 2813 380 2890 cabam,
404 2814 437 2877 in
460 2813 599 2899 reliquis,
624 2821 773 2898 quantum
789 2815 853 2878 eius
869 2814 934 2877 fieri
950 2814 1069 2899 potuit,
1086 2811 1196 2897 Lysiae
1212 2810 1340 2894 vestigia

259 2932 398 3004 secutus,
418 2932 523 2989 ‘tamen
547 2925 605 2988 hoo
628 2925 793 2990 absurdum
817 2948 880 2990 esse
904 2926 1033 2989 sensisse
1056 2924 1177 2988 videtur
1192 2919 1339 3006 (‚,several

259 3037 292 3100 of
312 3037 365 3100 the
388 3037 599 3101 democratical
622 3038 759 3122 generals
783 3037 842 3102 and
866 3037 1055 3115 taxiarchs;”
1080 3044 1110 3100 at
1125 3035 1233 3120 Lysias
1248 3035 1265 3118 p
1280 3035 1339 3095 30:

259 3155 318 3213 τῶν
342 3154 514 3229 στρατηγῶν
544 3148 593 3212 aa>
626 3153 681 3214 τῶν
712 3147 900 3233 ταξιάρχων).
945 3147 1091 3212 Similiter
1122 3148 1155 3210 in
1189 3145 1342 3209 tricesima

256 3260 273 3343 d
304 3263 323 3322 3
355 3235 594 3336 Nicomachum,
627 3259 765 3323 consulto
797 3260 947 3344 ambiguis
979 3259 1077 3325 verbis
1101 3281 1192 3335 usus,
1217 3256 1341 3339 oblique

257 3369 394 3435 eiusdem
425 3370 622 3444 calamitatis,
655 3377 746 3454 atque
778 3371 964 3455 Agoratum,
997 3377 1153 3434 auctorem
1182 3391 1246 3432 esse
1269 3366 1342 3430 insi-

257 3481 363 3546 mulat.
411 3481 470 3545 Sed
493 3480 531 3544 de
554 3480 772 3561 Nicomachea,
797 3505 834 3546 ex
857 3505 918 3567 qua
941 3482 1001 3546 alia
1024 3503 1163 3566 quoque,
1186 3501 1264 3564 quae
1279 3478 1340 3541 huc

199 3590 202 3597 ’
257 3592 386 3669 faciant,
412 3592 515 3677 colligi
538 3601 682 3678 possunt,
699 3594 778 3658 inlra
796 3595 895 3658 fusius
912 3594 1020 3658 dicam.
1053 3592 1234 3678 Apparebit,
1252 3612 1341 3674 quae·

259 3703 329 3768 dam
352 3704 396 3767 ita
418 3704 514 3768 relata
537 3727 619 3783 esse,
644 3713 678 3768 ut
702 3705 942 3790 exaggerationis
966 3727 1075 3768 nomen
1099 3703 1191 3767 nimis
1206 3702 1274 3765 lene
1290 3701 1340 3763 sit.

259 3815 296 3878 In
321 3815 456 3879 oratione
481 3815 621 3879 vicesima
644 3817 753 3901 quinta
776 3819 803 3902 (p
826 3819 880 3901 25)
903 3825 972 3902 post
995 3814 1234 3899 quadringentos
1250 3812 1343 3897 pluri·

259 3948 343 3990 mum
366 3926 514 4004 valuisse,
539 3904 630 4011 seque
654 3950 691 3991 ex
713 3927 836 4013 publica
860 3927 1030 3992 calamitate
1054 3927 1166 3989 ditasse
1181 3923 1257 3988 dicit
1272 3921 1344 4006 Ilpi-

260 4060 381 4122 genem,
406 4037 665 4122 Demophontem,
691 4038 892 4117 Clisthenem,
917 4038 1060 4102 obscuros
1084 4035 1222 4100 homines
1242 4041 1272 4096 et
1291 4033 1340 4095 vix

261 4148 385 4213 aliunde
415 4157 522 4227 notos,
551 4149 717 4235 probabilis
742 4158 787 4214 est
810 4151 983 4214 coniectura
1005 4145 1260 4223 Rauchensteini,
1285 4143 1341 4206 hos

261 4267 448 4324 accusatores
472 4260 565 4324 fuisse
587 4261 619 4324 in
643 4284 750 4339 causa,
775 4261 807 4324 in
831 4284 891 4345 qua
914 4260 996 4324 dicta
1019 4261 1059 4323 sit
1081 4258 1135 4322 illa
1158 4257 1272 4332 oratio;
1290 4255 1341 4318 sed

261 4380 385 4457 apparet
407 4378 555 4434 oratorem
579 4371 635 4434 hos
658 4372 809 4436 malitiose
832 4373 922 4436 nimis
944 4372 1051 4435 noxios
1075 4390 1250 4455 proponere.
1276 4365 1343 4429 Cal-
