2850 5024
697 389 760 449 ula

180 586 218 648 de
242 585 332 649 rebus
356 583 488 647 civitatis
512 591 720 648 memorantur
742 586 758 669 p
779 587 819 646 22
844 607 913 648 cum
929 585 1057 649 historia
1073 589 1277 653 conveniunt.

180 696 259 760 Nam
284 696 368 779 quod
391 695 622 760 Lacedaemonii
646 697 792 761 dicuntur
814 697 942 774 minari,
960 698 1019 761 nisi
1035 699 1164 762 mittant
1181 700 1278 764 Athe-

179 808 297 871 nienses
318 806 477 889 pecuniam
496 804 629 868 debitam
655 807 878 888 (ἀπειλοῦντας,
899 805 969 870 ύτοιν
984 810 1026 881 μὴ
1042 809 1277 888 ἀποπέμψωμεν

179 919 276 986 αὐτοῖς
299 917 340 979 τοὶ
359 917 517 998 χρήματα)
542 916 674 998 pertinet
698 915 735 978 ad
759 923 882 979 centum
899 915 1032 994 talenta,
1050 938 1128 1000 quae
1145 919 1278 1001 triginta

178 1027 234 1089 viri
265 1033 373 1088 mutua
405 1047 420 1086 a
449 1023 698 1088 Lacedaemoniis
727 1032 916 1102 sumserunt,
940 1033 975 1089 ut
999 1049 1085 1090 suam
1109 1034 1276 1092 tuerentur

178 1135 362 1220 potentiam,
396 1156 475 1217 quae
507 1133 626 1197 reddita
659 1141 765 1218 postea
795 1143 886 1211 suut,
918 1135 955 1200 de
979 1159 1040 1220 quo
1063 1136 1123 1200 loci
1151 1138 1274 1202 classici

176 1244 247 1330 Lys.
264 1247 314 1308 12.
334 1245 393 1321 58,
410 1266 471 1325 sq„
491 1242 585 1306 Isocr.
605 1246 633 1307 7.
649 1246 705 1320 68,
723 1243 810 1307 Deru.
828 1245 881 1327 20.
904 1247 957 1322 ll,
975 1268 1019 1329 sq.
1046 1246 1274 1311 Demosthenes

175 1356 291 1419 indicat
315 1355 417 1416 statim
444 1359 512 1436 post
536 1352 683 1436 populare
706 1353 866 1436 imperium
889 1356 1064 1418 restitutum
1083 1355 1121 1419 de
1137 1357 1188 1421 his
1205 1359 1273 1422 red-

174 1464 282 1529 dendis
306 1471 408 1527 actum
435 1485 517 1526 esse:
542 1461 591 1525 aad
614 1467 669 1526 τῶν
691 1462 745 1539 μέν
760 1500 806 1511 -
822 1501 881 1546 -,
900 1470 956 1528 τῶν
978 1465 1007 1529 δὲ
1028 1473 1112 1531 τοῦτο
1133 1474 1273 1546 πρῶτον

174 1573 302 1655 ὑποίρξαι
332 1581 385 1646 τῆς
415 1571 545 1648 ὁμονοίας
573 1579 691 1647 σημεῖον
722 1570 884 1646 ἀξιούντων.
932 1572 992 1636 Sed
1023 1598 1084 1639 non
1108 1554 1270 1661 probabiie

173 1692 219 1747 est
242 1705 308 1746 eam
332 1703 395 1744 rem
419 1687 481 1742 tam
506 1679 631 1743 dubiam
655 1687 747 1762 atque
770 1680 803 1742 in
827 1682 954 1764 penuria
977 1683 1109 1747 civitatis
1128 1693 1193 1750 tam
1210 1687 1269 1750 dif-

171 1793 281 1857 ficilem
304 1799 367 1853 tam
391 1789 474 1853 brevi
497 1795 680 1850 transactam
704 1789 808 1852 fuisse.
844 1788 1039 1856 Probabilias
1056 1803 1167 1877 quarto
1184 1819 1267 1860 anno

171 1909 241 1988 post
263 1901 391 1984 triginta
414 1900 494 1962 viros
518 1898 641 1984 pulsos,
666 1921 728 1983 quo
753 1899 826 1962 haec
850 1899 954 1964 habita
977 1910 1023 1965 est
1038 1906 1153 1981 oratio,
1172 1908 1267 1970 etiam

169 2013 313 2077 infectam
329 2032 390 2073 rem
407 2009 511 2072 fuisse.
541 2008 657 2071 Eodem
680 2016 816 2093 tempore
837 2011 1005 2075 secundum
1023 2013 1265 2080 Nicomacheam
1355 2093 1358 2097 ,

170 2124 190 2186 l.
215 2123 235 2185 l.
260 2121 370 2184 Boeoti
394 2121 488 2191 σύλας
511 2121 671 2200 ἐποιοῦντο,
693 2119 793 2205 quod,
815 2122 917 2206 inquit
934 2131 1052 2200 orator,
1071 2126 1267 2205 οὐδυνοίροεθα

170 2233 217 2297 δύο
247 2231 386 2296 ποίλοιντα
416 2229 582 2294 ἀποδοῦναι.
629 2228 686 2291 Est
716 2229 774 2292 hoc
804 2252 876 2293 sane
907 2254 968 2295 non
997 2233 1070 2298 alibi
1096 2242 1265 2314 testatum,

169 2342 223 2404 sed
255 2362 324 2404 vero
355 2348 456 2402 tamen
485 2337 593 2401 simile.
640 2337 748 2402 Boeoti
772 2340 852 2402 enim
876 2362 972 2424 quum
996 2349 1067 2406 ante
1090 2368 1196 2410 muros
1220 2347 1268 2410 di·

168 2460 254 2515 rutos
286 2450 424 2512 acerrimi
453 2449 583 2511 fuissent
614 2447 717 2511 hostes
748 2450 984 2515 Atheniensium
1016 2455 1069 2536 (μὴ
1091 2455 1266 2522 σπένδεσθαι

167 2562 238 2626 ἀλλ’
267 2560 387 2637 ἐξαιρεῖν
415 2558 494 2621 Xen.
526 2557 607 2622 Hell.
632 2557 675 2621 Π.
702 2561 731 2621 2.
758 2561 808 2641 5),
833 2560 894 2624 iam
917 2561 1011 2645 paulo
1034 2573 1121 2647 post,
1146 2567 1266 2650 perspi-

167 2672 280 2735 cientes
304 2670 369 2733 siue
393 2668 487 2732 dubio
511 2675 663 2751 qnantum
686 2669 859 2753 propinqua
880 2668 1193 2737 Lacedaemoniorum
1210 2699 1266 2760 po-

167 2789 259 2844 testas
287 2781 362 2864 ipsis
391 2779 577 2853 minaretur,
611 2776 649 2839 ad
673 2779 823 2841 saniorem
849 2787 983 2843 mentem
1006 2783 1181 2862 redierunt,
1208 2785 1267 2850 La·

166 2890 427 2973 ecdaemoniisque
443 2888 481 2951 ad
498 2887 624 2971 triginta
641 2888 722 2949 viros
740 2888 957 2953 sustentandos
973 2892 1086 2955 auxilia
1098 2904 1264 2977 negarunt.

166 2999 253 3080 Quae
285 2999 402 3084 gravati
434 2998 495 3061 sint
524 3004 628 3081 postca
659 2995 893 3061 Lacedaemonii
923 3002 1107 3085 perspicitur
1136 3025 1152 3066 e
1180 3004 1263 3070 Xen.

166 3109 247 3173 Hell.
282 3108 343 3173 ΙΙΙ.
374 3112 402 3172 5.
430 3111 465 3170 5:
497 3108 521 3171 oi
549 3108 645 3185 μέντοι
671 3106 892 3185 Λακεδαιμόνιοι
916 3110 1036 3185 ἄσμενοι
1060 3111 1169 3189 ἔλαβον
1194 3116 1264 3194 πρύ-

164 3226 256 3301 Φασιν
286 3219 453 3299 στρατεύειν
482 3218 530 3283 ἐπὶ
562 3217 628 3288 τοὺς
653 3216 822 3293 Θηβαίους,
843 3217 940 3283 πσίλαι
964 3220 1136 3302 θργιζθμενοι
1159 3226 1263 3298 αὐτοῖς

163 3339 216 3405 τῆς
240 3332 266 3394 τ’
289 3330 472 3408 οθντιλύύιεως
495 3336 547 3401 τῆς
571 3333 622 3391 τοῦ
646 3325 829 3398 ’Λπόλλωνος
856 3327 980 3403 denotare
1004 3332 1033 3393 ἐν
1052 3333 1196 3415 Δεκελείρι
1217 3335 1263 3418 (fi-

164 3439 229 3503 nito
261 3438 342 3503 bello
374 3436 652 3520 Peloponnesiaco,
685 3435 724 3498 cf.
754 3434 836 3498 Just.
863 3439 893 3499 5.
920 3438 973 3520 ll)
996 3438 1115 3504 καὶτοῦ
1140 3443 1188 3506 ἐπὶ
1209 3445 1261 3509 τὸν

163 3551 284 3629 Πειραιοῖ
312 3550 354 3626 μὴ
378 3548 512 3621 ἐθελῆσαι
539 3547 729 3617 ἀκολουθῆσαι
753 3542 849 3626 (Hell.
875 3543 919 3608 II.
944 3547 976 3609 4.
1001 3549 1066 3631 30).
1091 3553 1209 3630 ᾐτιῶντο
1233 3554 1261 3616 δ’

162 3661 267 3731 αύτούς
295 3657 343 3724 καί
369 3656 520 3736 Κορινθίους
544 3661 643 3718 πεῖσαι
667 3655 709 3730 μὴ
733 3654 948 3733 συστρατεύειν.
995 3655 1043 3720 Id.
1068 3657 1129 3722 ΙΠ.
1148 3663 1177 3725 2.
1197 3665 1258 3726 25:

161 3768 210 3836 καί
234 3767 490 3848 συνεστρατεύοντο
513 3768 553 3845 τῷ
572 3762 675 3840 Ἄγιδι
697 3763 792 3837 πλὴν
814 3771 971 3829 Βοιωτῶν
994 3768 1052 3831 καί
1076 3774 1259 3848 Κορινθίων

161 3876 190 3947 οί
214 3883 241 3946 τ’
264 3877 349 3944 ἄλλοι
381 3877 539 3956 σύμμαχοι
570 3873 619 3939 καί
651 3874 675 3938 ω’
706 3873 849 3947 Ἀθηναῖοι
879 3874 924 3956 (in
955 3877 1148 3960 expeditione
1179 3881 1259 3946 Elea

162 4012 188 4055 u.
204 3991 290 4072 401).
317 3986 395 4051 ndd.
420 3986 452 4050 in
477 3984 632 4049 tiratosth.
658 3985 710 4045 58.
735 3983 781 4043 Ao
805 3983 909 4046 statim
933 3991 1003 4067 post
1025 3987 1152 4071 triginta
1173 3992 1256 4056 viros

161 4100 319 4165 institutos
343 4096 560 4171 ιίιιοτουιιτιιιιί,
585 4093 663 4158 nihil
686 4099 828 4156 curantes
844 4091 1154 4163 Lacedaemoniorum
1170 4124 1257 4186 prae-

161 4211 290 4295 scripta,
316 4215 350 4274 ut
374 4206 531 4271 saxatilibus
557 4204 667 4269 Atticis
691 4210 778 4266 tutus
803 4209 883 4266 esset
899 4203 937 4266 ad
953 4227 985 4267 se
1001 4217 1140 4292 receptus
1157 4211 1253 4293 (Plut.

165 4317 231 4404 Lyn.
256 4342 281 4383 ο.
308 4320 347 4384 27
375 4316 432 4381 sub
456 4316 492 4393 t,
518 4313 589 4400 lays.
615 4311 698 4399 apud
724 4311 815 4376 Dion.
834 4310 934 4376 Helie.
953 4315 972 4375 5
989 4337 1018 4399 p.
1038 4319 1119 4397 594,
1135 4321 1171 4384 fr.
1191 4325 1252 4400 78,
