2850 5024
681 247 744 305 221

164 452 242 507 natu
276 422 516 527 quingentorum
548 442 624 505 dicit
654 443 671 524 q
702 444 743 503 22
769 441 818 524 (cf.
844 440 882 503 ad
909 444 959 504 19.
989 442 1058 522 ll);
1082 440 1156 502 item
1180 460 1259 520 quar

163 556 181 638 q
213 557 255 615 26
289 560 320 616 et
349 556 410 628 273
439 574 474 614 ea
502 552 545 614 sic
569 574 648 614 nexa
671 558 745 614 sunt
768 573 894 628 causae,
920 558 955 613 ut
980 573 1016 612 ex
1040 549 1100 611 alia
1123 549 1261 611 oratione

164 665 231 747 peti
254 685 317 726 non
343 661 512 746 potuerint.
561 659 602 722 Et
624 662 641 743 q
665 663 683 722 8
708 660 766 723 sub
790 660 841 722 fin.
867 667 898 722 et
926 662 964 721 16
989 658 1046 721 sub
1070 659 1122 721 fin.
1147 657 1261 720 habent

163 796 229 837 eam
263 772 416 836 rationem
449 770 699 853 demonstrandi,
728 791 808 854 quae
833 769 946 832 Atticis
970 770 1101 831 maxime
1125 776 1172 830 est
1195 791 1262 851 pro-

164 883 242 966 pria.
290 880 415 959 Unum,
445 880 528 963 quod
552 881 704 944 rhetorem
731 886 841 963 arguat
864 887 937 942 sunt
961 881 1035 942 haec
1058 879 1261 955 ὁμοιοτέλεντα

162 994 180 1076 q
203 995 261 1053 21:
286 990 357 1055 ὅταν
381 992 434 1068 μὲν
457 990 538 1055 κατδι
560 990 616 1061 τὰς
640 989 825 1070 συγγραφὰς
849 995 988 1067 ποιῶμεν,
1007 987 1132 1053 ἅπαντα
1152 989 1192 1052 τοὶ
1205 988 1261 1051 ποί-

105 1110 109 1118 ’
163 1125 229 1180 τρια
252 1101 391 1181 θύεται,
417 1100 532 1163 ἐπειδὰν
556 1098 585 1161 δὲ
608 1098 689 1163 κατα
713 1098 769 1169 τας
793 1099 904 1172 στήλας
929 1095 965 1169 ίις
989 1095 1071 1168 οὗτος
1092 1097 1260 1176 ἀνέγραψε,

165 1212 266 1276 πολλοὶ
296 1217 352 1274 τῶν
382 1212 460 1288 ἱερῶν
488 1209 740 1285 καταλύεται,
774 1217 805 1272 et
828 1208 938 1288 ποίρισα
962 1208 1003 1271 ih.
1028 1209 1120 1272 καίτοι
1142 1205 1223 1277 οὗτος
1248 1207 1261 1269 o‘

164 1320 310 1399 ἱερόσυλος
329 1319 505 1399 περιτρέχει,
527 1320 622 1396 λέγων
643 1322 679 1390 ὦς
702 1320 896 1396 εὐσέβειαν
920 1318 993 1382 αλλ’
1008 1321 1058 1382 οὐκ
1075 1317 1261 1381 εὐτέλειαν

164 1431 328 1510 οίνένραψε.
376 1428 448 1492 Huc
472 1428 576 1492 referri
600 1437 734 1513 possunt
756 1431 773 1513 q
796 1433 856 1492 29:
881 1430 1057 1508 Νικόμαχον
1075 1426 1178 1492 εἵλεσθ’
1189 1429 1259 1491 οίοα·

165 1540 295 1621 νροίφειν
317 1539 358 1604 τα
381 1538 535 1620 ποίτρια,
561 1534 581 1620 ᾧ
604 1539 685 1603 κατὰ
709 1537 850 1617 πατέρα
872 1548 925 1614 τῆς
949 1540 1061 1608 πόλεως
1084 1539 1115 1600 οὐ
1133 1536 1261 1614 προςήκει

166 1657 198 1712 et
226 1651 243 1733 q
274 1651 334 1712 31:
366 1644 403 1711 ὧν
434 1649 491 1725 ἐγὼ
521 1650 651 1725 ἡγοῦμαι
682 1648 760 1719 ε’νίοις
792 1649 938 1729 προςήκειν
972 1649 1040 1725 ὑπὲρ
1070 1652 1126 1710 τῶν
1148 1648 1261 1716 ἑαυτοῖς

166 1758 381 1838 πεπραγμένων
412 1757 681 1833 ἀπολογείσθαι
711 1758 787 1821 πολὺ
818 1762 935 1835 μαλλον
962 1757 979 1832 ἢ
1002 1758 1068 1827 τοὺς
1090 1755 1261 1825 ἀδικοῦντας

168 1867 265 1947 σώζειν
284 1867 541 1946 προαιρεῖσθαι.
567 1865 743 1930 Secundum
759 1866 1007 1952 Theophrastum
1025 1866 1133 1949 Lysias
1149 1867 1182 1929 in
1198 1888 1262 1928 ora-

168 1977 252 2039 tione
276 1998 331 2060 pro
356 1975 446 2038 Nicia
470 1974 609 2038 dixerat:
634 1976 716 2039 κλοίω
738 1978 787 2040 τὸν
805 1975 966 2055 οίμοίχκτον
981 1977 1030 2039 καί
1047 1974 1262 2054 οίνανμοίχκτον

167 2085 276 2166 ιίλείρον
309 2093 339 2149 et
371 2084 431 2148 alio
461 2084 529 2148 loeo
560 2089 641 2169 (nam
674 2085 747 2147 haec
775 2085 935 2149 cohaerere
958 2099 1029 2149 cum
1053 2087 1261 2170 superioribus

169 2217 231 2258 non
256 2195 428 2279 videntur):
453 2197 548 2260 ἱκέται
571 2197 626 2274 μὲν
650 2196 731 2261 αὐτοὶ
755 2203 811 2260 τῶν
835 2197 901 2259 θεῶν
924 2195 1102 2276 καθίζοντες,
1123 2198 1261 2278 προδότας

169 2307 198 2370 δὲ
237 2313 292 2371 τῶν
329 2305 414 2387 ὅρκιον
442 2310 522 2384 ἡμᾶς
556 2305 628 2390 (leg.
659 2308 752 2388 ὑμᾶς)
780 2307 1011 2387 ἀποφαίνοντες,
1044 2309 1261 2377 ἀνακαλοῦντες

167 2417 356 2499 συγγένειαν,
381 2418 531 2495 εὐμένειαν
555 2417 605 2500 (ap
629 2416 724 2478 Dion.
749 2415 822 2479 Hal.
848 2415 885 2478 de
909 2414 981 2500 Lys.
1006 2438 1031 2479 c.
1059 2419 1099 2478 14
1124 2439 1153 2500 p.
1176 2419 1260 2492 483,

167 2527 294 2611 heisa).
342 2525 430 2604 Quae
463 2527 568 2611 inepta
599 2534 689 2604 sunt,
722 2533 758 2588 ut
789 2526 834 2589 nil
867 2548 967 2610 supra.
1015 2525 1074 2589 Sed
1102 2548 1164 2589 non
1188 2526 1262 2589 obli-

168 2635 347 2700 viscendum
370 2645 446 2722 puto
470 2638 622 2721 pertinere
645 2637 719 2700 haee
736 2637 774 2700 ad
792 2645 924 2700 aetatem
942 2639 1055 2701 nostris
1071 2637 1261 2701 orationibus

167 2747 388 2830 antiquiorem,
421 2769 482 2829 qua
513 2747 664 2810 inficetam
691 2746 864 2810 Siculorum
891 2753 987 2810 artem
1009 2746 1117 2830 Lysias
1141 2769 1261 2810 eonsec-

166 2864 250 2919 tatus
275 2857 324 2919 sit.
372 2856 488 2938 Utique
510 2878 610 2918 veram
634 2879 697 2919 non
715 2857 856 2920 existimo
875 2856 1100 2935 defensionem3
1117 2858 1261 2942 equidem

165 2968 331 3045 nescirem,
357 2975 463 3030 utrum
486 2967 669 3050 ineptiorem
693 2966 824 3030 dicerem
848 2966 991 3052 Lysiam,
1017 2968 1070 3051 qui
1094 2969 1169 3031 haec
1191 2968 1262 3030 scri·

166 3076 237 3139 bere
268 3077 405 3161 potuerit
435 3099 473 3138 an
499 3074 638 3153 Niciam,
664 3076 774 3158 quiin
798 3077 905 3139 mortis
931 3077 1068 3160 periculo
1096 3077 1170 3139 haee
1194 3072 1262 3161 pro·

165 3187 311 3250 nunciare
342 3185 489 3261 volueri13
523 3186 618 3249 luisse
647 3185 770 3248 videtur
797 3187 902 3270 potius
928 3187 1111 3250 declamatio
1136 3209 1152 3249 e
1175 3186 1259 3253 ludo.

165 3295 225 3360 Sed
256 3296 409 3380 quidquid
440 3297 497 3359 hoo
530 3304 577 3359 est
608 3319 644 3360 ex
676 3298 832 3382 superiore
861 3297 917 3360 illa
945 3304 1045 3361 aetate
1069 3297 1186 3380 aliquid
1211 3297 1262 3360 ad-

165 3405 298 3468 haesisse
321 3412 433 3490 potest.
461 3406 581 3470 Similia
603 3408 711 3490 utique
728 3408 901 3470 invenimus
917 3408 949 3471 in
967 3409 1106 3492 proxima
1122 3408 1260 3471 oratione

164 3517 246 3580 κατα
276 3513 409 3587 Φίλωνος.
456 3515 514 3579 Sed
538 3517 669 3579 manime
692 3517 860 3605 tenendum
884 3517 988 3581 lusum
1011 3518 1100 3581 illum
1123 3519 1156 3581 iu
1180 3519 1259 3580 εὐτε-

164 3627 232 3720 λείρι
255 3635 285 3689 et
307 3628 445 3709 εὐσεβείᾳ
469 3627 507 3691 ab
531 3637 651 3692 oratore
675 3635 821 3711 tanquam
845 3628 1027 3692 Nicomachi
1051 3628 1168 3692 dictum
1193 3650 1260 3711 pro-

164 3737 252 3813 lerri3
273 3737 371 3822 ipsius
392 3738 472 3800 euim
493 3736 676 3801 Nicomachi
696 3737 770 3800 haec
790 3737 883 3800 verba
903 3761 967 3801 esse
984 3738 1075 3801 fidem
1091 3737 1258 3821 facitote,

168 3845 222 3908 ubi
243 3844 451 3908 Nicomachus
472 3853 691 3909 annumeratur
706 3854 765 3918 τοῖς
783 3847 946 3923 δυναμένοις
959 3849 1066 3926 λέγειν.
1091 3848 1257 3911 Rhetorum

166 3978 249 4018 more
274 3954 482 4018 Nicomachus
505 3956 537 4018 in
554 3954 608 4017 illa
632 3956 844 4040 paronomasia
867 3957 1032 4022 admodum
1057 3959 1115 4022 sibi
1138 3957 1261 4042 placens

166 4072 314 4150 perpetuo
338 4064 430 4127 verba
453 4066 512 4128 ista
536 4066 567 4128 iu
592 4088 643 4128 ore
659 4066 802 4130 habebat.
821 4066 1027 4151 Subineptum
1044 4077 1090 4132 est
1106 4068 1260 4133 θύεται-

165 4175 281 4240 λύεται.
329 4174 409 4237 Nam
442 4177 492 4239 vix
523 4176 581 4240 hoc
608 4177 769 4241 fortuitum
794 4200 859 4241 esse
883 4187 992 4263 potest.
1040 4180 1170 4262 Reliqua
1194 4179 1258 4240 eius
