2850 5024
682 357 744 416 113

163 555 316 636 „anobis
341 555 520 640 petivissent
544 562 579 616 ut
602 576 655 616 vos
679 553 981 618 condemnaremus.”
1018 554 1077 618 Sed
1094 577 1156 618 non
1173 576 1254 616 error

163 676 210 732 est
239 666 436 730 librariorum
470 666 523 749 qui
555 665 657 728 locum
682 665 865 728 obscuravit.
911 665 1018 729 Bonus
1044 667 1173 750 scriptor
1197 665 1255 728 boo

163 778 287 862 quidem
310 779 378 841 loeo
401 799 456 862 pro
479 777 620 853 aoristis,
639 798 716 858 quos
734 799 809 839 usus
826 776 980 860 postulat,
998 800 1060 840 non
1076 787 1255 861 usurpasset

121 963 124 969 .
163 888 339 974 imperfecta
361 891 576 967 ἠμυνυιιτείτε,
599 886 722 970 diotre,
747 888 834 972 quasi
853 911 901 950 res
917 888 1008 951 etiam
1024 896 1093 952 tum
1110 888 1253 965 instaret,

163 1024 195 1064 ao
218 1000 256 1064 de
279 1000 408 1071 adtrivere
432 1021 494 1062 non
519 998 557 1062 de
585 999 741 1081 δοκιμασίᾳ
762 1003 903 1082 ageretur
920 999 971 1081 (el.
989 999 1085 1062 Meier
1101 1006 1132 1062 et
1147 999 1255 1062 Schoe-

163 1134 269 1188 mann,
294 1134 324 1195 p.
350 1112 412 1172 222
438 1117 468 1172 et
493 1111 581 1194 205).

206 1225 276 1308 ᾧῧ.
324 1221 355 1287 τί
383 1219 406 1284 δ’
437 1221 473 1285 ίιν
505 1220 620 1300 οιίσχιον
648 1220 706 1291 idos
730 1220 747 1295 ἢ
770 1219 918 1300 δεινότερον
941 1224 1073 1300 τροῖνμοι
1096 1222 1196 1286 τούτου
1219 1231 1255 1303 τῇ

168 1337 248 1402 τίλει
279 1332 385 1413 γίνοιτ’
395 1383 403 1408 ,
434 1336 457 1398 εί
480 1334 619 1411 τολμήσει
643 1333 656 1396 ὁ
679 1333 731 1410 μὲν
754 1331 855 1412 σ’ίρχοιν
879 1334 907 1396 ἐν
931 1339 997 1402 τοιῑς
1020 1338 1076 1397 τῶν
1099 1333 1256 1413 ἐπικλήρων

168 1446 254 1518 δίκοιις
281 1445 446 1523 ἀντιβολεῖν
475 1447 524 1509 aa}
548 1444 685 1509 ἱκετεύειν
710 1445 776 1514 τοὺς
800 1444 941 1515 δικοιστοὶς
964 1441 982 1508 ί
1001 1468 1029 1507 τι
1052 1442 1088 1508 ίιν
1110 1443 1255 1520 βούληται

170 1559 350 1638 τρυχίῆνοιι,
375 1556 388 1619 ὅ
411 1555 440 1618 δὲ
464 1554 654 1636 πολέμαρχος
677 1554 725 1619 κοιί
750 1555 775 1618 οἱ
798 1552 897 1617 ἔνδικοι
924 1554 1098 1638 [δεήσονται]
1122 1556 1150 1617 ἐν
1175 1556 1254 1638 [τοῖς

168 1666 271 1752 linare]
304 1674 371 1736 τοιίο
401 1665 454 1745 ὑφ’
477 1667 585 1730 tussa
607 1665 826 1742 elementares,
854 1663 960 1748 [νίσσεο
985 1664 1034 1728 κοοί
1058 1666 1136 1748 νῦν];
1168 1664 1256 1745 Quae
1331 1671 1335 1682 '

169 1780 254 1843 uncis
277 1777 388 1841 inclusi
412 1775 522 1839 melius
545 1775 673 1858 absunt,
699 1775 811 1860 quibus
835 1776 957 1839 omissis
981 1776 1071 1839 initio
1086 1778 1257 1854 τολμήσειεν

168 1898 212 1953 est
236 1889 441 1953 scribendum.
488 1886 549 1949 Pro
572 1888 601 1950 ἐν
625 1893 692 1958 τοιίς
716 1885 786 1950 libri
810 1887 922 1964 ἐμβοίς.

137 2079 145 2099 .
210 2003 281 2086 Μ.
327 2002 386 2080 χρὴ
416 1999 507 2062 τοίνυν
538 1997 587 2061 κοιί
616 1997 683 2077 ὑπὲρ
714 1998 791 2073 ὑμῶν
822 2000 916 2063 αὐτῶν
943 2000 995 2073 τὴν
1028 2000 1119 2074 οιύτίιν
1141 2000 1258 2076 γνώμην

168 2111 264 2191 ἔχειν,
296 2109 514 2187 ἐνθυμουμένους
538 2105 579 2173 ίτι
603 2107 797 2173 οὐδὲνδιοίσει
822 2109 900 2185 ὑμᾶς
920 2109 976 2192 ίδίοι
996 2110 1059 2190 aspi
1079 2119 1131 2185 τῆς
1152 2115 1260 2191 οίστροι-

167 2224 247 2294 τείοις
271 2221 383 2299 βονίεῑν
407 2222 423 2294 ἢ
446 2217 552 2286 τούτων
575 2220 656 2291 τινίις
680 2219 788 2284 δεῑσίοιι
814 2220 919 2292 οιύτοὺο
939 2224 991 2295 τὴν
1006 2222 1257 2304 ψῆφονδιδίντοις.

165 2327 326 2397 Sententia
348 2331 515 2415 requiritur
539 2329 630 2392 haee:
654 2331 755 2408 „rati,
777 2331 856 2395 nihil
872 2332 1010 2411 differre,
1028 2341 1133 2398 utrum
1150 2342 1258 2418 sponte

166 2469 242 2525 „vos
274 2467 362 2529 opem
393 2443 498 2507 feratis
529 2442 670 2506 militiam
701 2442 960 2522 detrectantibuS,
994 2469 1031 2509 an
1050 2447 1186 2531 famatis
1209 2445 1257 2507 bis

166 2556 406 2634 „auctoritatem
438 2577 524 2617 suam
546 2555 834 2638 interponentibuS,
861 2558 914 2642 qui
937 2559 996 2643 ipsi
1019 2581 1072 2622 vos
1097 2560 1129 2622 in
1154 2558 1260 2623 suffra·

167 2669 242 2752 „gia
274 2665 435 2731 mittunt.”
481 2664 638 2728 Postrema
661 2665 755 2750 igitur
780 2667 797 2741 t
821 2668 1058 2732 retrovertatur
1082 2669 1193 2733 elarius
1219 2669 1262 2731 sic

166 2779 331 2842 extulisset
351 2778 367 2853 d
388 2779 495 2842 τούτων
513 2777 647 2854 δεομένων
672 2779 724 2859 (sc.
744 2780 777 2843 τὸ
796 2779 868 2843 ariri
884 2787 991 2853 τοισιν,
1010 2781 1072 2858 τερί
1092 2782 1263 2861 τῆςοίστμοι-

163 2891 249 2961 τείοος
272 2890 407 2974 βοηθεῖν).
449 2888 508 2952 Sed
532 2889 611 2952 nihil
633 2889 826 2954 mutandum.
884 2892 972 2969 ’Ττὲρ
998 2892 1074 2965 ὑμῶν
1098 2894 1191 2955 αὐτῶν
1216 2901 1262 2954 est

162 3003 228 3088 ipsi
254 3010 370 3066 vestrae
393 3001 627 3064 existimationis
652 3007 706 3064 aut
730 3000 825 3064 famae
849 3024 1009 3064 memores.
1055 3002 1125 3084 Ἰδίοι
1152 3025 1188 3065 ex
1212 3024 1263 3087 op

164 3113 269 3199 posito
294 3121 420 3198 apparet
444 3120 524 3176 ess'e:
552 3113 735 3198 separatim,
761 3119 859 3175 vestro
884 3120 997 3190 marte,
1023 3115 1145 3198 proprio
1168 3123 1262 3178 motu.

164 3224 216 3288 Cf.
246 3225 296 3287 18.
322 3226 358 3301 2,
384 3223 439 3286 ubi
462 3223 532 3287 libri
555 3223 669 3287 habent
692 3230 807 3288 τολλῶν
830 3224 887 3302 tata
908 3226 1034 3301 σίνοοίῶν.

211 3336 229 3420 ᾧ
253 3338 282 3398 5.
328 3335 478 3415 σκέψοισίε
507 3335 551 3419 δ’,
581 3331 602 3400 ὦ
631 3335 729 3415 ἄνδρες
760 3336 914 3420 δικοιστοιί,
950 3337 999 3402 ἐὰν
1023 3337 1118 3402 ίκοινίν
1141 3338 1262 3415 νίνντοοι

162 3448 333 3525 τεκμήριον,
366 3445 407 3510 ὅτι
441 3445 528 3518 οὐδείς
552 3472 596 3510 τοι
619 3453 674 3510 τῶν
697 3448 847 3527 οἰρχιίντονν
870 3449 898 3511 ε’ν
923 3453 962 3528 τῷ
986 3448 1169 3528 στρκτοτὲδῳ
1191 3451 1262 3513 Ἀλ-

162 3557 287 3638 κιβιοίδν
310 3554 341 3632 ἦν
365 3559 656 3636 τοιρεσκευοισμίνος,
680 3559 700 3621 i.
726 3583 751 3622 e.
776 3559 965 3637 „videnum
981 3559 1081 3623 ullum
1099 3559 1260 3624 documen·

162 3679 259 3750 „tum
283 3669 379 3754 possit
401 3669 545 3747 inveniri,
572 3669 655 3733 unde
677 3678 821 3755 appareat
837 3671 929 3735 duces
946 3671 1097 3735 Alcibiadi
1121 3671 1262 3734 favisse.'’

163 3780 234 3860 Qui
264 3781 309 3842 ita
339 3779 477 3862 loquitur
507 3803 569 3843 rem
601 3780 725 3844 dubiam
760 3781 834 3845 dicit
864 3805 926 3846 non
952 3782 1040 3846 facile
1063 3790 1144 3845 certo
1169 3782 1262 3844 doeu·

162 3899 274 3957 mento
305 3891 467 3975 probatum
497 3892 533 3954 iri
544 3917 552 3969 ;
578 3891 635 3956 hoe
659 3892 726 3956 loco
751 3895 914 3957 asseverari
938 3893 1086 3971 debebat,
1112 3893 1149 3956 ab
1173 3893 1261 3955 initio

162 4000 292 4066 nullum
337 4001 493 4064 studuisse
529 4001 692 4066 Alcibiadi.
742 4002 843 4066 Verba
874 4004 924 4066 εὀίν
955 4042 999 4052 -
1030 4029 1117 4080 τεκμ.
1152 4003 1262 4068 melius

164 4114 326 4180 abessent.

217 4228 234 4311 d
258 4228 287 4288 5.
334 4226 422 4306 ἐχρῆν
452 4226 511 4306 yria
538 4228 661 4304 οιύτοὺς,
686 4266 731 4275 -
753 4230 913 4292 σίνοοκοιλεῑν
936 4229 990 4305 μὲν
1013 4228 1182 4308 Πάμφιλον.
1224 4224 1262 4288 In

168 4341 222 4402 ius
255 4359 361 4402 vocare
393 4344 440 4402 est
466 4338 723 4421 σίνοικοιλέσοισίοιι,
753 4361 815 4401 non
838 4340 1007 4405 οίνοικοιλεῖν.
1053 4336 1127 4401 Non
1151 4338 1263 4400 iniuria

1146 4455 1162 4507 8
