2850 5024
686 367 727 432 78

164 577 209 632 est
240 568 373 632 alienum
405 567 656 632 additamentum.
704 567 844 633 Pulcrum
880 570 997 634 sedicet
1031 571 1189 635 victoriam
1224 572 1249 635 ei

50 691 52 695 ’
162 679 308 744 dederant
337 680 453 744 iudices
485 681 516 745 in
548 681 712 743 certamine
739 703 809 744 cum
833 681 991 767 Dionysio.
1040 683 1158 748 Acerba
1182 704 1251 746 cum

161 792 260 855 ironia
289 792 436 875 loquitur.
483 791 585 856 Multo
618 791 821 857 confidentius
844 792 905 857 dici
929 803 1044 879 potest,
1071 795 1162 858 verba
1184 792 1252 874 ἕνῇ

161 904 193 967 in
225 903 350 988 vulgata
380 925 442 967 non
471 910 542 988 apta
566 925 639 967 esse.
686 903 758 967 Iure
787 903 948 989 Emperius
971 905 1148 991 requirebat
1170 907 1200 970 ἐν
1221 899 1251 988 ᾧ.

163 1015 356 1079 Probabilius
386 1023 488 1078 tamen
520 1021 566 1078 est
596 1014 630 1090 ἢ,
664 1037 700 1078 ex
730 1036 791 1099 quo
815 1036 910 1099 quum
933 1037 1006 1081 casu
1029 1015 1047 1098 ρ
1069 1017 1251 1094 exstitisset,

162 1127 304 1193 librarius
327 1129 356 1190 ἐν
379 1125 497 1190 addidit
520 1125 581 1209 (Ακ
603 1147 687 1208 quem
700 1148 765 1215 ,κοκ
787 1131 942 1192 ποοὶιινοοοι
964 1129 1137 1212 Dionysii).

207 1240 224 1323 ρ
247 1241 287 1304 27
311 1245 343 1302 et
366 1240 406 1300 29
431 1237 614 1300 certissimas
637 1237 826 1300 coniecturas
851 1237 982 1302 Dobrei:
1007 1239 1133 1311 πολλοὺς
1153 1241 1183 1304 δὲ
1202 1241 1250 1304 καί

163 1350 270 1422 καλοὺς
301 1349 439 1420 κινδύνους
461 1370 514 1433 pro
537 1349 586 1412 καί
613 1346 740 1431 ἄλλους,
764 1358 795 1412 et
817 1349 1047 1414 Westermanni
1068 1352 1085 1435 ρ
1109 1353 1169 1414 29:
1193 1359 1253 1422 τοίς

162 1461 216 1540 μὲν
244 1462 360 1539 οώριαοι
387 1450 539 1538 δύνανταί,
563 1466 630 1531 ταῖς
654 1457 683 1522 δὲ
705 1465 822 1539 ψυχαῖς
849 1462 899 1524 οὐκ
923 1462 1056 1540 ἰσχύουσι
1075 1483 1131 1546 pro
1154 1460 1255 1542 ἔχουσι

163 1581 300 1656 receptas
323 1571 473 1655 oportuit.
508 1571 525 1654 ρ
549 1571 589 1631 28
613 1571 653 1649 τῷ
676 1570 794 1650 εἰρηκίτι
820 1579 996 1655 corruptum
1022 1579 1107 1656 puto.

206 1685 311 1769 §dh
346 1682 376 1754 ὃς
410 1682 494 1759 μόνος
514 1683 609 1756 ἐπειδὴ
633 1682 757 1762 τάχιστ’
780 1682 982 1766 ἐδοκιμάσθην,
1015 1684 1172 1762 ἐπεξῆλθον
1195 1695 1255 1759 τοῖς

162 1796 317 1875 τριοίκοντα
347 1796 376 1858 ἐν
406 1793 506 1874 Ἀρείῳ
538 1791 636 1874 ποίγῳ.
684 1793 828 1878 Pugnant
851 1793 926 1857 haec
950 1802 1052 1879 aperte
1076 1816 1146 1860 cum
1170 1799 1187 1882 ρ
1210 1801 1254 1874 4,

166 1906 220 1970 nbi
251 1905 325 1969 dicit
358 1907 397 1968 13
430 1926 462 1967 sc
494 1925 590 1972 annos
613 1913 721 1967 natum
743 1903 855 1982 fuisse,
881 1925 942 1988 quo
966 1912 1102 1990 tempore
1126 1915 1255 1991 patera

162 2017 288 2103 triginta
310 2017 382 2079 viris
405 2016 626 2079 interficeretur
633 2041 643 2092 ς
672 2015 841 2079 secundum
858 2016 931 2080 haec
947 2016 1116 2094 ἐδοκιμάσθη
1134 2018 1255 2102 aliquot

163 2129 250 2193 annis
273 2136 343 2213 post
366 2128 477 2192 eiectos
497 2127 624 2210 triginta
639 2126 735 2203 viros,
753 2148 814 2210 quo
832 2148 903 2190 sane
919 2133 1056 2211 tempore
1072 2149 1133 2193 non
1150 2131 1255 2214 potuit

165 2263 215 2304 eos
239 2261 379 2303 accusare
404 2240 456 2324 qui
480 2237 598 2304 dudum
622 2238 734 2300 mortui
758 2244 876 2315 essent,
900 2237 1028 2302 fortasse
1048 2238 1254 2305 Eratosthene

163 2359 193 2414 ct
215 2350 354 2414 Phidone
378 2356 499 2413 tantum
523 2349 656 2432 exceptis
677 2349 726 2432 (of.
744 2347 781 2411 ad
798 2340 852 2412 or(
864 2350 925 2433 12).
960 2348 1057 2412 Miror
1072 2350 1255 2436 interpretes

164 2461 220 2524 hac
251 2460 289 2523 de
320 2483 352 2524 re
383 2460 532 2534 tacuisse,
556 2480 613 2522 noc
635 2458 727 2524 video
748 2459 901 2544 quomodo
925 2482 974 2524 me
997 2460 1068 2526 hinc
1093 2461 1254 2546 expediam

162 2573 222 2636 nisi
245 2571 407 2635 statuendo
431 2579 580 2634 oratorem
602 2571 619 2655 ρ
642 2574 662 2633 l
683 2570 879 2654 impudenter
894 2571 1035 2650 mentiri,
1053 2593 1114 2655 quo
1130 2573 1254 2638 facilius

163 2706 195 2748 se
226 2693 353 2769 purget3
386 2682 440 2746 sed
470 2681 530 2746 iam
561 2693 628 2746 tum
658 2704 728 2746 cnm
751 2683 880 2767 triginta
902 2684 1133 2751 dominarentur
1156 2704 1254 2748 annos

162 2796 224 2860 lere
249 2797 288 2860 16
312 2803 420 2859 natum
443 2792 546 2857 fuisse.
596 2792 642 2857 De
666 2793 824 2857 authentia
848 2793 941 2857 huius
965 2794 1129 2871 orationis,
1147 2816 1254 2879 quam-

161 2909 207 2972 vis
229 2907 406 2971 dubitanter
429 2886 630 2989 Harpocratio
647 2904 792 2987 loquatur
811 2907 846 2989 (εἰ
867 2906 1002 2982 γνήσιος,
1024 2927 1097 2970 voce
1113 2907 1254 2971 οἰπίλνιειν

163 3027 197 3084 et
216 3018 290 3083 alibi
312 3019 349 3083 τί.
375 3017 541 3081 Hoelscher
564 3040 594 3102 p.
622 3019 673 3102 75)
690 3017 816 3082 minime
832 3017 1039 3082 dubitandum
1056 3018 1190 3082 videtur.
1207 3050 1255 3067 -·-

122 3178 124 3182 ι
164 3129 305 3214 Denique
338 3127 512 3191 addendum
546 3150 583 3191 ex
614 3129 631 3213 d
664 3130 702 3190 12
739 3150 883 3212 apparere
918 3128 1159 3193 Theomnastum
1190 3152 1255 3194 non

165 3249 286 3305 tantum
317 3239 385 3303 falsi
415 3239 583 3303 testimonii
606 3238 658 3302 sed
681 3248 837 3323 praeterea
859 3240 950 3302 etiam
973 3239 1142 3303 calumniae
1167 3262 1257 3304 accu-

166 3353 311 3427 sationem
343 3351 530 3426 instituisse3
566 3351 691 3414 fortasse
725 3359 827 3413 tamen
863 3349 901 3414 ad
936 3372 1028 3414 unam
1064 3351 1255 3436 eandemque

103 3526 107 3534 ,
165 3462 274 3547 respici
305 3483 437 3525 causam.
483 3461 720 3541 Ψευδομαρτορία
754 3460 876 3544 quidem
910 3459 964 3524 illa
999 3461 1176 3526 continebat
1207 3485 1255 3528 ca·

164 3574 330 3653 lumniam,
354 3583 390 3637 ut
413 3573 551 3657 quamvis
573 3595 635 3637 non
651 3595 687 3636 ex
702 3572 832 3636 iuridica
848 3572 988 3637 vocabuli
1003 3573 1167 3652 sententia,
1183 3596 1254 3638 vere

166 3696 265 3753 tamen
295 3684 374 3749 illud
398 3683 550 3747 iudicium
574 3683 636 3764 rapi
664 3683 839 3763 κακηγορίας
862 3682 962 3777 dicere
985 3690 1106 3768 posset:
1129 3683 1180 3748 κα)
1199 3688 1253 3750 ab

164 3800 212 3869 τὸς
231 3797 283 3875 μὲν
304 3796 391 3861 Θέωνι
407 3795 583 3874 κακηγορίας
601 3795 721 3859 ἑδικοίσω
739 3795 846 3860 εἰπόντι
866 3793 894 3858 τ’
906 3794 1046 3875 ἐρριφέναι
1059 3790 1253 3869 τηνοίοτίδοοι

141 3892 285 3971 ¹Nomen
317 3907 449 3971 Theonis
480 3905 555 3969 mihi
586 3907 695 3990 utique
726 3913 905 3990 suspectum
912 3931 921 3982 3
954 3907 986 3969 in
1019 3906 1091 3989 epit.
1115 3907 1132 3990 d
1156 3908 1176 3967 6
1199 3906 1255 3970 ubi

165 4019 239 4083 haec
267 4018 358 4082 verba
388 4025 569 4104 repetuntur
596 4017 749 4081 omittitur
777 4026 807 4080 et
830 4025 900 4081 ante
923 4017 1029 4080 εἰπόντι
1054 4015 1180 4080 additur
1201 4020 1252 4098 τῷ.

165 4129 267 4210 Quare
290 4129 357 4194 vide
381 4151 456 4192 num
478 4127 642 4213 legendum
665 4128 721 4191 sit:
749 4127 799 4191 καί
823 4128 910 4199 αὐτὸς
934 4127 986 4204 μὲν
1006 4126 1176 4204 Θείανηττε
1197 4152 1252 4192 κα·

165 4241 300 4319 ιοηρορίας
334 4240 452 4306 ἑδικοίοοο
479 4243 519 4320 τῷ
542 4240 649 4304 εἰπίντι
672 4239 699 4303 τ’
723 4239 860 4320 ἐρριφέναι
884 4238 936 4312 την
957 4238 1079 4303 cicada.
1115 4247 1251 4303 ΘΕΩΝΙ

133 4427 136 4434 Ι
165 4375 202 4415 ex
224 4352 402 4436 compendio
426 4359 575 4417 ΘΕΟΜΝ
598 4349 748 4414 exstitisse
772 4351 846 4413 satis
868 4348 1034 4434 probabile.
