2850 5024
639 362 699 422 lna

125 559 207 635 μετὰ
222 564 278 626 πῶν
294 561 418 625 ὁπλιτῶν
434 559 614 643 κινδυνεύειν,
627 556 758 624 ἱππεύειν
770 557 876 634 εἵλετο,
889 557 1064 645 Stephanus
1080 559 1211 624 seriben-

126 670 201 735 dum
231 671 351 756 putavit
377 671 434 735 δεῖν
457 671 510 755 (z
534 670 602 756 δέον)
626 670 757 736 ἕκκσπον.
804 670 851 735 Of.
878 670 977 735 Koen.
999 669 1037 734 ad
1057 669 1148 755 Greg.
1174 670 1212 735 de

125 780 220 846 Diall.
238 805 269 867 p.
289 784 342 846 60.
378 780 438 845 Sed
454 803 557 846 vereor
572 804 611 847 ne
627 781 759 846 editores
779 781 834 867 qui
850 780 1002 866 hodieque
1016 804 1126 866 magno
1143 802 1213 845 oon-

125 893 230 957 sensui
245 899 381 958 vetorum
396 894 664 978 grammaticorum
680 893 907 978 obtemperent,
925 894 1004 958 hane
1019 894 1147 958 formam
1160 894 1214 956 At-

124 1003 194 1068 tiois
210 1004 433 1083 asserentibus,
449 1005 567 1090 imponi
586 1005 645 1070 sibi
664 1003 822 1090 patiantur
842 1004 918 1068 falsa
939 1004 1080 1090 analogia
1086 1029 1096 1082 ;
1113 1024 1213 1087 neque

126 1114 208 1179 enim
227 1116 356 1180 conferri
375 1123 476 1201 potest
495 1123 579 1180 πλεῖν
598 1115 681 1199 quod
700 1139 736 1179 ex
753 1123 869 1198 πλεῖον,
886 1137 949 1179 nou
967 1139 1004 1180 ex
1021 1115 1108 1207 πλέον
1125 1113 1214 1179 exsti·

125 1225 183 1303 tit,
203 1231 234 1289 et
253 1225 342 1290 facile
360 1225 552 1311 intellegitur
570 1225 724 1310 quomodo
742 1234 857 1290 veteres
874 1226 935 1290 tale
953 1226 1028 1310 quid
1045 1247 1213 1312 propagare

124 1336 282 1421 potuerint
290 1362 300 1414 3
323 1336 449 1400 fuerunt
469 1338 551 1402 euim
570 1337 635 1401 sine
651 1337 746 1401 dnbio
762 1338 816 1421 qui
832 1338 865 1401 in
880 1336 1012 1401 formula
1029 1342 1139 1402 πολλοῦ
1156 1337 1213 1401 δεῖν

124 1448 277 1533 posterius
305 1448 488 1513 vocabulum
517 1449 713 1534 participium
741 1449 976 1513 existimarent.
1006 1446 1211 1512 Redeundum

124 1559 221 1642 igitur
248 1559 370 1623 videtur
393 1559 431 1622 ad
457 1568 632 1644 corruptam
659 1559 821 1624 lectionem
845 1560 889 1625 δεῖ
910 1557 1040 1624 ἕκοισοον.
1088 1557 1128 1622 In
1152 1580 1213 1642 qua

124 1691 257 1754 agnosco
273 1669 521 1755 dittographiam.
553 1681 578 1735 K
597 1679 627 1734 et
643 1683 679 1738 Ic
695 1672 815 1755 quoties
832 1672 959 1736 confusa
970 1671 1033 1735 sint
1045 1671 1092 1754 (nt
1102 1670 1135 1732 in
1147 1668 1215 1733 σκύ-

122 1787 180 1863 φος
199 1787 230 1844 et
249 1779 392 1863 Σίσοφος)
410 1802 500 1843 nemo
521 1782 627 1846 nesoit.
663 1779 769 1845 Exime
794 1804 831 1845 ex
853 1792 1037 1848 AEIEIOAG
1059 1781 1115 1865 (δεῖ
1127 1778 1212 1863 ἕκοιο)

122 1891 241 1956 litteras
259 1892 334 1956 vitio
354 1891 400 1955 bis
421 1891 535 1976 positas
551 1902 608 1968 EI,
628 1898 659 1955 et
674 1893 824 1977 supererit
834 1914 882 1957 me
894 1893 996 1956 indice
1009 1892 1088 1957 bona
1100 1898 1131 1955 et
1142 1913 1213 1955 vera
1304 1895 1306 1899 ’

127 2002 237 2082 leotio,
262 2001 304 2068 ύπι
322 2002 419 2075 δειόοος
438 2003 519 2082 μεπύι
537 2009 593 2068 τῶν
612 2004 737 2068 ὁπλιτῶν
756 2004 937 2080 κινδυνεύειν,
956 2003 1089 2068 ἱππεύειν
1107 2000 1209 2067 εἵλετο.

123 2113 268 2179 Ceterum
281 2114 365 2200 quod
376 2114 488 2199 Bergk.
503 2122 533 2178 et
545 2113 680 2178 Cobetus
692 2114 841 2179 dederunt
853 2138 907 2200 pro
920 2118 933 2181 t
945 2117 1055 2196 ποιπύρε
1065 2116 1096 2179 ού
1104 2121 1210 2194 ποιεῖν,
1315 2102 1325 2127 l

123 2225 339 2310 amplecterer,
369 2225 395 2288 si
424 2224 498 2295 alias
522 2225 707 2289 mutationes
733 2225 808 2289 haee
831 2225 922 2290 lectio
942 2248 1005 2289 non
1027 2224 1208 2311 postularet.

168 2335 250 2400 Mira
277 2344 322 2400 est
347 2335 439 2400 lectio
461 2338 478 2421 p
501 2339 520 2397 2
544 2333 611 2400 ὥστ’
634 2334 820 2410 ἐπινικίοις
844 2333 880 2400 ὧν
903 2335 984 2410 ούπος
1006 2343 1208 2419 φιλοτιμεῖποιι

120 2446 189 2519 πούς
218 2448 334 2529 ἕχύρούς
361 2447 562 2527 κῖοχύνεούοιι.
609 2447 718 2526 Unus,
751 2447 835 2531 qnod
863 2449 974 2526 seiam,
1003 2449 1083 2513 hane
1106 2449 1209 2512 lectio·

120 2579 193 2620 nem
223 2556 360 2622 defendit
391 2558 562 2642 Kayserus,
594 2557 707 2624 Philol.
740 2559 788 2623 XI
811 2560 922 2644 (1856)
945 2583 976 2645 p.
1002 2563 1083 2639 163,
1107 2561 1209 2625 neseio

120 2650 281 2752 quomodo¹
306 2668 381 2732 haee
408 2669 635 2754 interpretatur.
682 2670 806 2755 Reliqui
834 2671 967 2736 editores
991 2694 1061 2736 eum
1084 2671 1208 2735 Reiskio

118 2776 169 2842 ἐπ’
191 2778 270 2850 ἐνίοις
292 2802 375 2843 nune
397 2780 545 2865 probant3
569 2781 647 2845 mihi
670 2781 828 2865 aliquanto
851 2782 1041 2867 probabilius
1060 2782 1209 2866 Taylorus

120 2888 286 2953 coniecisse
319 2889 442 2954 videtur
472 2894 519 2956 ἐπ’
551 2892 680 2974 ἐκείνοις,
712 2892 795 2955 nude
826 2914 919 2975 quum
951 2915 1006 2976 per
1035 2892 1208 2957 itacismum

120 2999 287 3065 admodum
314 3001 468 3085 frequenti
500 3024 600 3065 errore
631 3001 798 3066 exstitisset
827 3005 963 3074 ε’πεκινοις
991 3001 1040 3066 vel
1062 3004 1209 3076 ε’πιεκινοις

119 3112 172 3197 (of.
190 3112 229 3176 ad
247 3115 298 3177 10.
318 3114 378 3192 24,
405 3114 518 3198 passim
537 3113 659 3198 copiose
679 3113 717 3178 de
737 3135 772 3177 eo
792 3112 927 3179 Cobetus
946 3115 978 3177 in
990 3112 1029 3176 V.
1044 3123 1074 3176 et
1086 3113 1206 3209 N.L.),

118 3224 357 3308 transpositione
387 3223 559 3288 litterarum
591 3233 770 3310 corruptum
800 3228 948 3309 ἐπινικοις,
973 3224 1096 3290 tandem
1120 3228 1208 3290 ἐπινι-

118 3335 188 3408 κίοις
210 3341 319 3399 natum
343 3343 398 3400 est.
444 3336 494 3400 Ad
517 3338 736 3420 φιλοτιμεῖσθαί
758 3363 785 3402 πι
811 3337 848 3402 ef.
872 3337 952 3401 Xen.
973 3337 1056 3401 Hell.
1074 3337 1100 3400 I.
1122 3339 1151 3401 6.
1170 3339 1206 3401 5:

119 3448 189 3528 πρὸς
211 3443 233 3512 δι
256 3446 314 3524 ε’γύ
336 3474 370 3513 πε
393 3453 607 3531 φιλοτιμούμκι
631 3448 681 3512 κού
706 3452 723 3525 ἡ
748 3449 832 3522 πύλις
854 3453 933 3526 ἡμῶν
953 3448 1117 3529 ούτιύζεποιι
1133 3474 1208 3528 σομ-

117 3557 288 3636 βονλεύεπε.
335 3557 449 3623 Oecon.
474 3563 505 3622 4.
530 3561 588 3624 dd:
613 3560 658 3623 οῖεδ
683 3557 712 3624 ἕν
734 3560 772 3639 γε’
794 3585 822 3625 πι
845 3559 1097 3642 Φιλοπιμούμενος.

164 3671 182 3756 d
205 3673 235 3733 9.
282 3672 353 3735 ἀλλ’
381 3670 521 3748 ε’βονλύύν
552 3670 601 3735 κού
625 3669 731 3750 derare
754 3669 841 3744 εἶνοιι,
865 3671 916 3736 κού
938 3671 980 3735 ποδ
1001 3670 1135 3752 χρήματ’
1155 3672 1208 3736 κύ·

24 3849 28 3859 ,
117 3787 172 3848 πού
201 3781 383 3860 δνμενύνῖνοιι.
430 3780 479 3846 Ne
511 3783 579 3866 quis
611 3782 763 3848 desideret
792 3783 833 3849 τοὶ
861 3785 951 3848 οούποῖι
982 3783 1020 3847 ef.
1051 3781 1130 3845 infra
1153 3782 1206 3844 31.

118 3890 239 3958 εῖύιοποοι
266 3893 364 3973 λέγειν
390 3897 427 3968 ὥς
455 3897 506 3961 ούκ
536 3894 609 3968 εἶκύς
632 3898 694 3960 εὀπι
717 3895 765 3961 πδν
787 3895 841 3974 μὲν
864 3895 966 3974 πλεύρ’
989 3897 1078 3959 οιύποῖι
1101 3906 1208 3958 κκπελ-

118 4000 208 4070 ύύνποι
237 4004 342 4086 δωοεοδς
371 4005 489 4084 λαβεῖν.
536 4004 652 4070 Contra
685 4008 737 4071 28.
772 4009 809 4071 17
843 4007 890 4072 bis
921 4007 1019 4080 οιύτοῖς
1047 4003 1206 4080 scribitur,

117 4137 308 4202 quamquam
337 4117 464 4181 fortasse
495 4117 597 4181 minus
620 4126 711 4183 reete.
757 4118 843 4182 Intra
864 4120 881 4203 d
905 4121 945 4181 23
970 4120 1059 4183 κὺτοῦ
1081 4136 1208 4200 usurpa·

116 4235 173 4292 tur
195 4228 228 4292 in
251 4229 446 4314 oppositione
466 4236 497 4292 ot
518 4228 663 4312 legitime.
711 4230 758 4294 De
779 4231 957 4316 pronomine
972 4226 1052 4302 οὗτος
1068 4226 1208 4292 similitor

117 4345 270 4424 usurpato
294 4340 446 4405 monitum
471 4347 516 4404 ost
541 4362 642 4423 supra.
