2850 5024
645 393 707 453 1⁶3

136 588 308 659 Πλαταιεὺς
327 585 415 661 εἶναι,
435 612 463 652 κ.
475 611 504 651 τ.
517 590 539 651 ἑ.
558 594 647 671 putet
665 608 788 650 necesse
812 594 873 663 est,
898 588 930 649 in
954 587 1163 670 superioribus
1186 588 1225 651 de

131 697 198 779 ipsa
221 718 254 759 re
276 703 397 759 tantum
428 718 597 759 sermonem
626 718 708 772 esse,
740 717 824 759 nunc
848 697 977 759 transire
1008 703 1157 759 oratorem
1185 692 1224 758 ad

130 803 312 868 Pancleonis
336 805 568 868 confessionem.
609 803 682 866 Non
706 804 798 867 aliam
823 804 897 868 haec
917 803 1152 888 explicationem
1169 805 1225 893 v'ad-

121 914 270 977 mittunt.
317 915 361 977 Aa
382 916 399 997 q
424 917 464 976 12
488 915 550 977 iam
574 913 691 977 dictum
713 920 793 977 erat:
816 913 859 978 ὅτι
875 914 932 977 οὐδ’
951 913 1040 982 αὐτὸς
1061 917 1225 991 Παγκλέων

131 1023 236 1103 νομίζει
259 1025 361 1089 ἑαυτὸν
384 1027 426 1101 μη
450 1021 493 1089 ὅτι
516 1025 676 1089 Πλαταιέα
700 1021 771 1088 εἶναι
794 1023 865 1088 αλλ’
887 1023 945 1088 οὐθ’
966 1024 1117 1101 ἐλεύθερον.
1155 1023 1226 1086 Per·

132 1133 178 1216 git
201 1133 296 1216 igitur
317 1134 334 1215 q
360 1135 398 1195 13
430 1131 557 1196 eandem
587 1155 651 1196 rem
675 1133 901 1208 demonstrare,
927 1131 981 1194 sed
1004 1132 1103 1195 verbis
1127 1133 1226 1195 utitur

132 1242 172 1305 ad
195 1243 255 1306 alia
278 1243 445 1306 transitum
468 1242 661 1326 parantibus.
708 1241 832 1304 Omissa
854 1247 921 1304 tota
945 1241 1081 1304 sectione
1108 1243 1147 1302 la
1172 1248 1227 1303 aut

132 1353 315 1416 montale
338 1352 370 1414 in
394 1351 479 1414 hunc
502 1351 565 1416 lere
588 1352 715 1415 modum
816 1351 1007 1426 γιγνώσκειν·
1030 1348 1106 1426 ὅμως
1127 1351 1156 1413 δὲ
1175 1352 1225 1414 καὶ

133 1461 166 1538 ἐξ
188 1460 288 1527 ἄλλον
311 1458 347 1526 ὧν
370 1462 480 1540 ἔπραξε
501 1462 610 1526 ταύτὸν
631 1463 814 1539 μαθήσεσθε,
831 1461 906 1524 haec
921 1459 1001 1523 recte
1018 1481 1050 1522 se
1065 1458 1225 1521 baberent.

178 1575 196 1656 ᾧ
220 1574 271 1635 14.
318 1572 380 1634 ἐπεὶ
405 1572 429 1635 δ’
454 1573 627 1651 ὑπερήμερος
652 1571 784 1648 ἐγένετο,
810 1569 920 1645 ἐξέτισε
942 1571 995 1642 την
1015 1569 1109 1649 δίκην,
1131 1560 1227 1631 ααθθτι
1266 1608 1268 1612 -

135 1682 254 1745 ἔπειθεν.
301 1656 452 1744 lldulctam
492 1681 589 1764 igitur
619 1681 784 1764 pependit,
817 1680 910 1743 sicuti
941 1684 1126 1742 conuenerat
1157 1698 1227 1739 cum

137 1788 324 1853 Aristodico.
364 1791 540 1872 Antequam
564 1810 636 1852 vero
661 1790 699 1852 ad
716 1789 972 1873 compositionem
987 1789 1090 1864 venit,
1107 1786 1228 1849 Thebas

136 1900 234 1983 fugit,
259 1898 365 1982 ibique
388 1897 562 1980 inquilinus
582 1897 643 1960 fuit
659 1897 815 1982 (μετῴκει).
851 1896 1000 1960 Ordinem
1017 1897 1112 1979 igitur
1127 1917 1228 1958 rerum

138 2009 300 2093 pervertit,
332 2009 407 2071 hacc
438 2013 593 2091 postrema
623 2009 759 2071 sectione
785 2008 910 2071 demum
936 2009 974 2067 15
1000 2028 1145 2082 narrans;
1175 2005 1228 2067 sed

139 2120 231 2183 huius
256 2117 467 2201 dispositionis
491 2138 582 2202 causa
605 2138 671 2180 esse
694 2118 798 2201 potuit
821 2117 914 2193 haec,
940 2116 1023 2200 quod
1047 2138 1084 2179 ex
1104 2137 1140 2178 ea
1155 2115 1229 2197 fuga

140 2237 171 2293 et
201 2228 273 2292 odio
303 2229 384 2291 inter
414 2225 615 2289 Plataeenses
634 2235 664 2289 et
687 2226 850 2290 Thebanos
874 2248 989 2289 novum
1014 2231 1229 2309 argumentum

139 2339 218 2423 petit
248 2339 319 2420 (152
350 2336 443 2399 καίτοι
473 2359 500 2399 ιι.
525 2359 552 2397 τ.
577 2337 613 2418 ἑ.)
645 2336 730 2418 quod
761 2337 805 2399 sic
829 2357 846 2397 a
870 2333 1026 2417 superiore
1050 2333 1163 2396 clarius
1186 2333 1231 2395 di-

139 2447 319 2532 stinguitur.

183 2560 200 2641 q
226 2559 276 2619 16.
322 2554 450 2639 Frigent
480 2562 635 2639 postrema
665 2554 774 2618 verba:
805 2555 856 2618 ε’θιν
881 2554 949 2632 γαρ
964 2552 1228 2629 διαμνημονεύητε,

139 2664 193 2731 οἶδ’
224 2664 266 2730 ὅτι
290 2663 330 2730 ccl
352 2688 387 2727 τε
417 2663 515 2728 δίκαια
542 2665 592 2727 καὶ
621 2665 733 2736 τάληθῆ
756 2664 930 2745 ψηφιεῖσθε,
954 2663 1004 2726 καὶ
1026 2660 1048 2725 ἃ
1071 2663 1129 2737 ἐγὼ
1152 2663 1230 2737 ὑμῶν

139 2775 248 2852 δέομαι.
294 2773 419 2852 Quanto
447 2774 559 2836 melius
590 2774 666 2837 haec
697 2774 741 2836 sie
769 2796 800 2835 se
828 2773 993 2835 baberent:
1019 2773 1070 2835 εἀν
1092 2772 1152 2850 γαρ
1172 2771 1231 2833 θια-

138 2882 356 2961 μνημονεθσητε
389 2883 443 2966 [τοὶ
470 2884 620 2961 εἰρημένα,
645 2883 694 2946 καὶ
719 2880 861 2965 τοιθσηθ]
886 2881 907 2946 ἃ
930 2883 987 2956 ἐγὼ
1012 2883 1090 2957 ὑμῶν
1113 2880 1229 2957 δέομαι,

138 2990 192 3057 οἷδ’
216 2989 258 3057 ὅτι
281 2990 322 3055 τα
345 3017 379 3055 τε
402 2992 500 3056 δίκαια
524 2994 573 3055 καὶ
597 2994 710 3065 rolandi?
733 2993 899 3071 ψηφιεῖσθε.

184 3102 231 3164 De
262 3108 329 3163 tota
359 3121 452 3163 causa
482 3101 527 3163 ita
558 3101 757 3164 statuendum
787 3108 874 3184 puto.
922 3101 1018 3161 Actor
1048 3097 1231 3160 iniuriarum

141 3211 292 3274 actionem
316 3211 381 3292 (ρθ
407 3209 508 3272 αδικιῐιν
539 3212 589 3273 οὐκ
618 3210 755 3292 ἐπαύετο)
785 3215 892 3271 contra
920 3205 1125 3270 Pancleonem
1150 3205 1230 3288 apud

140 3318 372 3382 Polemarchum
397 3317 575 3380 instituerat
598 3320 626 3401 (q
650 3320 697 3401 5),
723 3325 790 3380 tum
815 3316 948 3380 Pancleo
965 3315 1174 3398 exceptionem
1191 3313 1232 3375 al·

139 3427 213 3503 fert,
238 3424 428 3489 contendens
453 3427 659 3508 cognitionem
682 3449 745 3489 non
770 3449 836 3490 esse
859 3424 1051 3488 Polemarcbi
1075 3424 1117 3508 (is
1134 3423 1171 3485 de
1187 3423 1233 3484 in·

140 3535 267 3618 quilinis
296 3535 345 3597 ius
376 3533 528 3616 dicebat),
562 3536 708 3617 quoniam
739 3527 928 3598 Plataeensis
957 3536 976 3597 i.
1002 3556 1028 3595 e.
1054 3533 1128 3595 civis
1153 3538 1233 3593 esset
1337 3549 1339 3551 ·

141 3643 190 3736 (cf.
223 3642 391 3706 Hermann.
425 3644 554 3726 Antiqu.
587 3647 604 3728 p
630 3647 706 3720 117,
731 3667 762 3707 n.
789 3646 808 3706 6
817 3670 826 3721 3
851 3665 910 3706 van
934 3642 994 3704 den
1017 3641 1077 3717 Es,
1103 3640 1140 3702 de
1163 3661 1233 3702 con-

140 3752 236 3815 nubio
249 3752 297 3815 in:
314 3751 479 3835 Bijdragen
495 3775 554 3815 van
571 3753 623 3816 bct
640 3753 718 3816 Gen.
735 3776 794 3816 van
810 3751 961 3815 Leeraren
978 3771 1035 3812 aan
1053 3749 1090 3811 de
1106 3747 1232 3810 Nederl.

143 3861 254 3945 Gymn.
289 3862 528 3938 1858-1859,
562 3886 591 3946 p.
627 3866 686 3941 50,
716 3867 784 3947 sq).
833 3862 883 3924 Ad
915 3882 1005 3945 quem
1030 3858 1233 3922 refellendum

142 3971 216 4033 dum
239 3970 417 4032 testimonia
439 3972 614 4054 conquirit,
632 3971 744 4035 accidit
761 3978 797 4034 ut
812 3968 997 4033 Nicomedes
1015 3955 1139 4050 quidam
1156 3966 1234 4028 Pan-

144 4081 282 4144 cleonem
314 4085 463 4163 tanquam
490 4102 582 4143 suum
606 4103 727 4144 servum
752 4079 902 4155 abducat,
926 4077 980 4140 sed
1004 4075 1084 4138 datis
1107 4074 1235 4138 vadibus

144 4187 196 4252 ille
220 4187 390 4251 dimittitur
412 4189 445 4250 in
469 4189 551 4252 diem
574 4192 767 4274 proximum,
791 4196 828 4252 ut
851 4210 887 4251 ea
910 4187 948 4249 de
970 4208 1004 4249 re
1026 4186 1093 4247 iure
1116 4192 1234 4266 agatur.

144 4297 224 4360 111111
247 4317 317 4359 vero
341 4297 473 4362 Panclco
497 4321 515 4361 a
537 4299 740 4364 familiaribus
762 4315 818 4384 'per
842 4300 902 4362 vim
920 4319 936 4360 e
951 4294 1066 4358 iudicio
1085 4292 1236 4355 abductus

264 4436 272 4465 ι
722 4446 725 4451 -
1060 4406 1117 4464 11*
