2850 5024
222 558 280 623 IX.
305 558 365 622 Pro
388 559 496 624 milite.

238 669 277 735 X.
302 669 340 734 In
363 669 602 734 Theomnestum
626 669 652 733 I.
724 669 783 733 Res
807 670 965 733 militares.

222 780 278 845 XI.
304 780 342 845 In
365 781 606 847 Theomnestnm
630 780 674 844 II.

208 891 283 955 XII.
308 891 347 956 In
370 892 613 959 Eratosthenem.
700 961 705 972 ,
776 961 782 971 ,
858 961 864 972 ,
891 961 896 972 ,
998 961 1004 972 ,

188 1000 273 1068 xm
307 1003 345 1068 h
368 1006 540 1090 Agomtum
665 959 803 1023 Historia
826 969 953 1045 triginta
976 983 1119 1024 virorum.

188 1097 281 1181 1111.
306 1114 344 1181 In
368 1115 560 1181 Alcibiadem
583 1115 609 1179 1.
653 1165 656 1170 .

212 1227 282 1292 XV.
307 1226 345 1291 In
368 1226 562 1292 Alcibiadem
584 1225 628 1291 Π.
650 1122 744 1419 bes
766 1226 923 1291 militares.

195 1338 283 1403 XIII.
307 1339 367 1404 Pro
391 1337 574 1403 Mantitheo.

176 1449 283 1515 XVII.
308 1450 356 1513 De
378 1449 468 1513 bonis
492 1446 646 1511 Eratonis
840 1455 863 1751 p

875 1515 941 1592 Περὶ
967 1514 1106 1590 δημοσίων
1130 1514 1248 1595 oppand-

161 1561 286 1626 XVHI.
311 1561 358 1625 De
382 1560 470 1624 bonis
489 1558 629 1622 Ilucratis
648 1557 823 1623 liberorum.

198 1672 287 1737 XIX.
313 1672 360 1736 De
383 1671 472 1735 bonis
496 1670 723 1757 Aristophanis.

918 1652 984 1693 ἴων.

210 1892 248 1956 111
279 1893 405 1977 reliquis
436 1893 522 1957 nulla
556 1893 766 1979 dispositionis
801 1895 930 1978 vestigia
963 1894 1251 1981 deprehenduntur,

162 2005 225 2069 nisi
249 2002 331 2088 quod
354 2003 498 2066 XXVIII
516 2012 546 2066 et
561 2003 671 2066 XXIX
687 2027 808 2082 rursus,
834 2002 1090 2089 quemadmodum
1113 2007 1253 2071 XVII-

164 2115 248 2179 XIX
279 2115 317 2178 ad
347 2115 471 2193 δημόσια
492 2117 639 2196 χρήματα
663 2115 826 2198 pertinent.
863 2115 957 2180 Vides
980 2118 1092 2201 igitur,
1117 2117 1167 2181 hic
1189 2119 1253 2182 illic
1320 2192 1321 2196 Ἰ

165 2227 321 2313 qnondam
352 2227 384 2289 in
415 2225 672 2310 subsequentibus
702 2227 891 2289 orationibus
914 2227 994 2290 inter
1025 2251 1057 2292 se
1081 2251 1145 2293 esse
1168 2250 1255 2314 argn-

165 2340 267 2402 menti
290 2338 539 2415 similitudinem,
565 2337 618 2401 sed
642 2360 719 2422 quae
743 2318 836 2422 agant
859 2338 896 2402 de
919 2339 1031 2403 militia
1054 2347 1084 2403 et
1107 2341 1180 2405 fisco
1203 2340 1257 2405 du-

166 2452 246 2516 obus
277 2452 352 2515 locis
383 2474 448 2516 esse
480 2451 604 2538 positas.
652 2450 755 2514 Iustae
785 2449 995 2536 dispositionis
1027 2475 1090 2516 non
1121 2459 1168 2516 est
1197 2453 1258 2516 nisi

165 2560 271 2627 tennis
294 2564 411 2629 umbra.

213 2672 324 2760 Neque
345 2675 556 2760 integerrimas
580 2697 616 2738 ex
638 2673 776 2758 Lysiacis
800 2675 944 2739 collector
967 2675 998 2739 in
1025 2674 1164 2739 ordinem
1179 2697 1258 2740 rece·

166 2783 224 2868 pit.
261 2783 423 2852 Omisisset
455 2787 627 2850 vicesimam
650 2786 797 2870 primam,
824 2809 902 2872 quae
925 2786 1086 2851 manifesto
1109 2787 1257 2872 fragmen·

167 2906 237 2959 tum
260 2904 322 2975 est,
349 2905 380 2962 et
402 2899 576 2962 vicesimam
599 2898 777 2982 septimam,
803 2920 881 2983 quae
904 2906 950 2962 est
973 2898 1120 2984 epilogus.

215 3007 326 3096 Neque
349 3010 445 3094 igitur
468 3009 598 3095 optimas
622 3016 760 3086 tantum,
786 3032 885 3095 neque
908 3010 1135 3095 integerrimas,
1159 3034 1258 3096 neque

170 3122 345 3205 argumenti
380 3119 582 3184 similitudine
621 3142 730 3184 nexam
770 3120 922 3205 quandam
956 3121 1083 3186 classem
1117 3123 1261 3187 collector

170 3234 296 3318 recepit.
332 3231 480 3298 Omnium
514 3254 665 3296 consensu
699 3254 737 3295 ne
772 3233 890 3318 spurias
922 3233 1047 3317 quidem
1077 3234 1258 3320 repudiavit.

172 3343 273 3407 Nemo
305 3350 351 3406 est
379 3343 460 3407 enim
484 3342 653 3419 editorum,
679 3343 755 3426 quin
778 3366 871 3406 unam
895 3352 925 3408 et
948 3345 1074 3409 alteram
1097 3347 1261 3432 suppositi-

172 3457 253 3519 ciam
276 3455 401 3520 iudicet.
438 3455 564 3540 Recepit
587 3455 756 3532 orationes,
778 3478 855 3539 quae
871 3479 925 3541 per
945 3480 993 3535 se,
1011 3458 1074 3521 sive
1090 3457 1174 3541 quod
1190 3458 1261 3522 deu·

171 3566 339 3650 terologiae
370 3568 450 3643 sint,
482 3566 545 3630 sive
579 3566 638 3629 alia
670 3566 708 3630 de
738 3589 830 3653 causa
857 3569 926 3651 (hoc
949 3570 1030 3632 enim
1053 3591 1136 3632 nunc
1158 3569 1259 3653 mitto)

172 3701 282 3763 porum
305 3678 537 3761 intelleguntur.
574 3677 701 3761 Recepit
724 3677 857 3763 denique
881 3701 973 3764 quam
988 3680 1053 3763 ipse
1069 3681 1185 3745 sciebat
1200 3681 1261 3764 epi-

172 3799 279 3854 tomen
304 3813 383 3868 esse;
409 3811 480 3853 nam
503 3789 562 3852 hoc
578 3812 701 3875 quoque
716 3790 747 3853 in
766 3791 903 3854 confesso
920 3797 983 3868 est3
1007 3790 1262 3855 Theomnesteem

171 3903 303 3966 alteram
325 3902 434 3987 prioris
458 3923 522 3965 esse
546 3901 729 3965 breviarium
752 3924 841 3966 nemo
866 3925 956 3966 sanus
972 3903 1107 3987 negabit.
1132 3902 1263 3966 Nullum

117 4016 123 4027 '
171 4015 271 4099 igitur
294 4013 448 4077 delectum
472 4012 580 4076 habuit
603 4012 694 4076 homo
717 4013 787 4091 ille3
805 4013 858 4076 scd
875 4014 1036 4078 coniunxit
1052 4036 1264 4098 quaecumque

171 4127 253 4188 forte
284 4126 452 4190 invenerat.

218 4235 389 4301 lestabant
412 4235 487 4299 olim
509 4233 619 4319 Lysiae
644 4236 795 4300 orationes
819 4259 881 4301 non
905 4237 1006 4301 minus
1030 4241 1114 4316 425,
1138 4262 1175 4302 ex
1198 4241 1263 4323 qui-

171 4349 232 4412 bus
262 4348 428 4433 Dionysius
460 4354 491 4410 et
523 4345 675 4410 Caecilius
707 4371 865 4432 germanas
896 4350 1075 4415 iudicabant
1104 4353 1178 4414 230.
1215 4350 1261 4415 Of.

1105 4465 1143 4522 2*
