2850 5024
640 378 680 439 ll

120 584 316 648 sobrietatem
346 587 467 645 secutus
499 587 594 654 esset,
626 585 728 639 tamen
757 592 861 655 reapse
892 567 956 630 fieri
992 587 1054 628 non
1087 562 1202 647 potuit,

121 697 198 780 quin
227 695 261 758 in
292 701 364 778 apta
390 692 516 754 istarum
548 688 727 752 tractatione
749 705 814 748 mos
838 682 869 745 in
894 689 1033 742 naturam
1057 681 1202 750 verteret,

122 828 219 890 eoque
242 804 385 868 remissus
408 811 486 866 esset
509 799 639 864 subinde
662 806 694 862 et
716 795 853 879 solutus,
876 791 930 855 ubi
946 788 1045 883 gravis
1061 793 1092 851 et
1107 785 1203 849 elatus

122 940 187 981 esse
211 916 369 1003 potuisset.

535 1145 581 1207 Ile
605 1143 795 1206 Narratione.

168 1368 241 1432 Non
272 1368 381 1452 exigua
412 1367 480 1430 laus
510 1374 555 1429 est
587 1364 678 1428 liuius
709 1363 855 1438 oratoris,
890 1361 974 1444 quod
1005 1359 1099 1424 dubia
1130 1378 1208 1441 quae

123 1489 210 1544 erant
232 1481 265 1543 in
289 1502 378 1544 causa
401 1479 445 1542 sio
468 1479 687 1562 interpretatus
711 1482 773 1552 est,
798 1481 834 1537 ut
856 1472 1035 1557 plerumque
1058 1472 1084 1535 si
1107 1469 1207 1532 solum

123 1591 206 1676 legas
229 1599 394 1670 oratorem,
419 1613 474 1655 nec
498 1589 557 1654 alia
581 1589 716 1653 conferas
739 1585 915 1650 testimonia
938 1583 975 1648 de
999 1583 1088 1647 rebus
1112 1581 1206 1644 abeo

122 1702 261 1780 traditis,
277 1703 392 1768 fraudis
408 1712 438 1768 et
454 1702 561 1767 erroris
577 1724 615 1765 ne
630 1699 764 1784 suspicio
781 1697 905 1783 quidem
920 1697 1045 1771 oriatur,
1063 1691 1206 1775 quodque

122 1838 187 1879 rem
209 1814 247 1879 de
270 1839 331 1900 qua
354 1817 472 1902 agitur,
497 1800 652 1877 evidenter
673 1818 794 1887 narrat,
819 1818 855 1872 nt
878 1808 975 1872 oculis
998 1829 1118 1871 eernere
1142 1826 1208 1867 eam

122 1926 182 1990 tibi
211 1926 349 1991 videaris.
396 1927 434 1990 In
458 1924 664 2001 orationibus,
690 1945 767 2008 quae
791 1930 921 1986 aetatem
943 1920 1097 1995 tulerunt,
1122 1914 1209 1979 nulla

123 2045 170 2100 est
192 2038 343 2114 narratio,
368 2037 443 2120 quin
466 2057 571 2099 omnes
594 2034 705 2098 habeat
726 2055 868 2097 numeros
892 2031 1038 2096 veritatis.
1085 2028 1208 2112 Inspice

123 2149 252 2233 primam
275 2148 324 2231 (de
348 2148 439 2213 caede
460 2144 630 2229 Eratosth.)
651 2148 668 2231 d
689 2146 807 2221 5-27,
831 2143 952 2208 tertiam
975 2143 1018 2226 (in
1042 2140 1208 2222 Simonem)

121 2261 139 2344 d
164 2261 288 2336 5-19‚
320 2259 531 2323 duodecimam
561 2258 604 2340 (in
627 2255 871 2338 Eratosthenem)
893 2256 910 2339 d
934 2255 1061 2330 4-20,
1086 2252 1208 2315 tertiam

123 2369 273 2434 decimam
303 2369 347 2452 (in
378 2371 557 2453 Agoratum)
588 2370 605 2453 p
630 2370 750 2430 5-42.
797 2365 836 2430 In
864 2365 912 2429 his
936 2365 1014 2429 nihil
1038 2364 1208 2428 detractum

122 2480 194 2545 volo
217 2479 255 2544 de
277 2479 426 2564 singulari
449 2478 556 2556 laude,
582 2501 643 2561 qua
665 2477 832 2562 Dionysius
856 2479 893 2560 (c.
922 2478 973 2559 18)
996 2474 1121 2560 Lysiam
1136 2473 1210 2538 cele·

122 2590 202 2655 brat.
248 2590 405 2655 Praeclare
435 2589 516 2653 idem
547 2588 596 2672 (de
626 2589 731 2665 Isaeo,
767 2590 835 2672 16);
872 2594 922 2652 τοῦ
948 2587 1055 2653 Λνοίον
1086 2587 1140 2663 μὲν
1163 2581 1208 2649 οὖν

122 2727 169 2773 τις
199 2701 425 2779 ἀναγιγνώσκων
454 2701 510 2772 τοὶς
542 2699 704 2781 διηγήσεις,
728 2699 804 2764 οὐδὲν
827 2697 864 2763 ἂν
887 2697 1030 2776 ὑπολάβοι
1059 2696 1209 2761 καιτοι·τὲ-

80 2874 86 2885 ,
122 2837 199 2894 χννν
219 2813 235 2887 ἦ
255 2811 396 2891 πονηρίαν,
409 2814 480 2876 ἀλλ’
492 2814 528 2884 ὡς
549 2813 565 2886 ἡ
582 2810 670 2892 φύσις
690 2811 740 2874 nal
757 2814 773 2886 ἡ
789 2810 912 2884 altatare
931 2811 1027 2889 Φέρει.
1044 2807 1116 2872 αὐτὸ
1131 2811 1210 2871 τοῦτ’

122 2924 252 3003 ἀγνοῶν,
274 2920 316 2988 ὅτι
339 2931 391 2997 τῆς
414 2923 522 3003 τέχνης
545 2922 578 2987 τὸ
597 2923 782 3000 μιμήσασθαι
805 2922 857 2995 τὴν
880 2921 968 3002 φύσιν
992 2921 1082 2993 adria
1106 2918 1210 3002 (vulgo

123 3035 230 3117 αὐτῆς)
252 3035 390 3111 μέγιστον
414 3034 494 3113 ἔργον
517 3035 605 3100 ἐστίν.
642 3032 742 3097 Nemo
764 3033 891 3096 fortasse
913 3032 1010 3116 magis
1027 3037 1209 3094 consecutus

124 3153 173 3208 est
196 3145 287 3208 utin
310 3152 373 3208 arte
396 3145 494 3209 omnis
517 3152 619 3209 tamen
642 3145 777 3229 suspicio
800 3145 874 3209 artis
894 3143 1028 3221 abesset,
1046 3165 1137 3227 quam
1152 3141 1210 3226 Ly-

124 3256 197 3318 sias.
232 3255 342 3339 Itaque
365 3256 460 3318 statui
482 3278 545 3320 non
568 3255 671 3334 debet,
696 3255 880 3319 evidentiam
903 3254 988 3318 illam
1003 3254 1211 3317 narrationum

125 3374 236 3452 sponte
266 3389 302 3430 ex
334 3367 459 3430 veritate
488 3368 532 3430 rei
562 3376 700 3431 narratae
724 3366 916 3431 efflorescere·
963 3365 1030 3428 lmo
1053 3365 1211 3428 sinceritas

125 3499 206 3562 quae
221 3477 342 3541 videtur
364 3477 402 3541 ab
426 3479 540 3542 astutia
555 3487 585 3542 et
601 3478 768 3542 calliditate
783 3501 845 3541 non
861 3477 961 3541 aliena
977 3484 1033 3540 est.
1062 3475 1212 3539 Consulto

126 3589 209 3653 enim
232 3612 250 3652 a
272 3610 343 3652 vero
366 3589 486 3672 saepius
509 3590 637 3667 recedit,
662 3597 692 3653 et
715 3612 822 3653 causae
845 3589 946 3652 servit.
994 3587 1026 3651 Si
1050 3587 1213 3651 adversari·

125 3722 216 3763 orum
238 3699 389 3763 orationes
413 3700 547 3764 conferre
569 3722 741 3784 possemus,
765 3701 877 3765 clarius
900 3707 1073 3786 appareret,
1097 3698 1151 3762 sed
1173 3721 1212 3762 ne

125 3832 211 3874 nunc
245 3809 368 3893 quidem
399 3812 584 3895 argumentis
615 3811 756 3876 destituti
788 3835 901 3875 sumus.
950 3810 1156 3874 Nicomachus
1186 3811 1214 3873 si

125 3929 250 3986 tantum
280 3921 427 3985 effecisset
450 3921 489 3985 ad
513 3922 721 3986 damnandum
744 3922 982 4007 Cleophontem,
1008 3921 1211 4005 quantumin
1327 3999 1329 4003 Α

126 4033 264 4097 oratione
287 4033 438 4096 tricesima
461 4032 584 4118 Lysias,
609 4044 756 4117 tanquam
778 4057 842 4098 rem
864 4035 988 4098 minime
1012 4032 1152 4110 dubiam,
1169 4055 1212 4096 re·

126 4145 204 4222 fert,
229 4166 290 4207 non
313 4145 460 4208 tacuisset
482 4143 519 4208 de
543 4168 579 4209 eo
603 4147 667 4231 ipse
683 4147 716 4208 in
732 4145 868 4208 oratione
883 4146 915 4208 in
934 4147 1110 4228 Aguratum.
1139 4143 1211 4208 Vid.

128 4257 183 4317 30.
220 4256 277 4331 ll,
309 4277 374 4338 sqq.
406 4255 475 4319 coll.
516 4258 565 4320 13.
592 4260 621 4320 2.
669 4255 875 4320 Nicomachea
906 4263 971 4319 tota
1002 4264 1032 4318 et
1062 4256 1215 4339 Agoratea

127 4365 314 4431 documento
336 4374 425 4443 sunt,
449 4367 561 4431 mirum
584 4370 615 4432 in
638 4368 764 4433 modum
780 4375 945 4446 oratorem,
962 4376 998 4431 ut
1013 4366 1135 4450 culpam
1150 4388 1213 4430 reo·
