2850 5024
721 420 785 481 236

219 618 321 696 εἵργειν
351 617 412 681 οὶτό
443 616 539 679 loxioa
562 615 761 699 suppeditant
787 615 896 679 Aesoh.
921 616 1028 700 Suppl.
1056 621 1116 694 61,
1141 619 1218 682 Ειιτ.
1246 618 1313 681 Alo.

220 731 301 805 514,
324 726 403 790 Xan.
428 726 521 790 Mem.
547 726 572 789 1.
599 730 628 788 2.
654 729 715 803 20,
742 727 840 790 Anah.
858 726 913 790 VI.
939 732 969 791 3.
995 730 1024 790 8.

261 839 354 921 §tt
399 837 441 900 Τι’
469 831 514 901 οὖν
541 835 730 911 βουληθέντες
753 874 798 885 -
821 836 1021 913 δοκιμάσαιτε.
1059 837 1138 900 Coll.
1166 841 1220 902 30.
1248 842 1311 915 26,

222 949 272 1010 14.
298 949 338 1009 41
364 945 468 1009 malim
488 945 519 1009 τί
538 945 574 1009 διν
593 942 657 1020 οὖν,
682 983 724 993 —-
748 944 937 1021 δοκιμάσαιτε
960 968 1053 1030 quam
1072 947 1102 1009 τί
1117 944 1165 1012 οὖν
1180 987 1227 997 -
1243 950 1313 1014 δοκι·
1344 953 1349 963 “

218 1055 342 1133 μοέσετε.
386 1054 483 1117 Paulo
508 1065 578 1138 post
600 1055 633 1118 iu
652 1054 875 1136 σωφρονέστερον
899 1054 958 1135 γοὶρ
981 1057 1057 1119 ἐστιν
1082 1053 1195 1138 ὕστερον
1219 1062 1313 1123 τοῖσι

217 1172 273 1231 τῶν
303 1167 393 1244 ἔργων
423 1167 478 1233 τοδι
509 1168 637 1245 χοὶριτας
669 1166 849 1247 ἀποδιδόναι,
875 1165 994 1249 aliquot
1018 1166 1137 1230 litterae
1161 1167 1313 1231 excidisse

218 1274 378 1353 videntum
399 1276 467 1359 lego
483 1286 540 1347 τοῖς
559 1274 687 1354 πράξασι
704 1298 759 1359 pro
775 1280 867 1349 τοῖσι,
885 1275 966 1358 quod
984 1298 1002 1338 a
1017 1276 1084 1339 loco
1101 1277 1239 1341 alienum
1256 1287 1312 1341 ast.

262 1387 278 1470 t
302 1387 354 1448 31.
402 1390 462 1455 τῶς
489 1384 513 1447 δ’
537 1383 608 1456 εἰκός
632 1387 694 1448 εὀτι
717 1390 832 1466 τοῦτον,
858 1381 886 1456 ὃς
910 1385 972 1448 οὐδὲ
995 1394 1164 1457 τελευταῖος
1181 1389 1230 1451 ἐστὶ
1248 1390 1314 1458 τοὺς

218 1496 357 1566 κινδύνους
382 1492 467 1569 ἦλθε,
488 1495 619 1575 πρότερον
643 1500 698 1558 τῶν
721 1494 989 1574 κατεργασαμένων
1012 1495 1061 1558 καὶ
1085 1493 1156 1560 οὕτω
1175 1522 1314 1576 σνντιμκ-

219 1609 318 1682 θῆνιιι;
340 1605 442 1669 Verba
469 1606 600 1686 πρότερον
628 1613 682 1670 τῶν
705 1630 827 1685 κατεργ.
853 1612 993 1690 pugnant
1016 1612 1078 1670 tam
1103 1607 1314 1692 superioribus

220 1738 310 1799 quam
324 1717 537 1802 sequentibus;
553 1739 650 1799 neque
667 1717 747 1779 enim
765 1717 818 1798 qui
834 1724 1003 1786 τελευταῖος
1016 1720 1065 1781 οὐκ
1079 1715 1161 1798 ἦλθε,
1176 1729 1249 1781 ante
1262 1740 1313 1780 eos

218 1827 349 1908 quirem
370 1834 585 1912 perpetrarunt
600 1823 855 1909 (κατειργάσαντο)
875 1826 976 1903 venit,
995 1848 1095 1911 neque
1111 1827 1166 1910 qui
1178 1828 1312 1907 πρότερον

219 1941 275 1998 τῶν
303 1937 569 2016 κατεργασαμένων
600 1936 785 2012 honoratur,
811 1957 880 1998 oum
903 1937 941 1999 iis
965 1937 1134 1999 honoratur
1158 1939 1313 2019 (σνντιμοῖ-

219 2051 291 2130 ται).
330 2047 509 2131 Lagendum
533 2047 663 2127 πρότερον
687 2045 786 2110 ἄλλων
810 2047 1093 2128 κατεργασαμένων,
1120 2055 1213 2130 atquo
1239 2048 1315 2111 haec

221 2158 310 2221 verba
342 2181 411 2221 cum
444 2158 652 2241 superioribus
685 2156 841 2240 iungenda
848 2183 857 2235 3
890 2156 939 2220 καὶ
967 2155 1039 2221 οὕτω
1070 2161 1177 2240 (nitito
1199 2164 1314 2240 minua)

220 2269 264 2331 sia
295 2268 417 2332 demum
449 2291 504 2331 suo
532 2269 601 2332 loeo
625 2267 801 2330 collocatur.
848 2265 887 2329 In
910 2268 971 2330 fine
994 2269 1137 2332 sectionis
1163 2290 1217 2352 pro
1241 2270 1315 2332 οὶτο·

220 2378 415 2455 δοκιμάσαιτε
438 2379 496 2463 lag.
520 2379 754 2455 σἰτοδοκιμοὶσετε
779 2385 815 2441 ut
837 2379 853 2460 ᾧ
877 2380 930 2440 29.
