2850 5024
677 393 737 453 148

208 599 299 682 blss.
345 596 369 658 οἱ
399 592 554 674 subarrat,
586 592 663 673 παρ’
694 587 742 662 οἷς
773 590 988 673 κοιτέλιοιεν,
1016 589 1251 668 ὁμολογουμένως
1293 587 1296 592 ¹

162 709 283 783 πένητες
305 707 368 773 εἰσί.
401 705 576 790 Cleophon,
602 704 655 788 qui
679 704 736 768 sub
751 691 878 788 triginta
894 704 973 767 viros
985 704 1143 767 institutos
1158 705 1250 768 inter·

162 819 260 882 fectus
288 825 337 882 est·
360 820 425 900 (13.
453 820 481 893 7,
506 839 590 900 sqq.‚
616 817 668 878 30.
696 817 766 899 10),
790 815 868 878 nihil
890 815 1015 898 reliquit
1022 842 1032 892 3
1055 838 1125 879 uam
1148 817 1174 879 si
1198 840 1252 901 pu·

163 929 321 994 blicationi
345 928 511 1004 bonorum,
537 927 612 990 dum
634 927 666 989 iu
689 927 766 989 vivis
790 934 870 1003 erat,
888 926 1006 1009 aliquid
1021 927 1251 1005 substraxissct,

98 1104 103 1114 ,
165 1038 408 1105 abscondidisset
431 1061 502 1102 saue
526 1037 608 1122 apud
631 1036 751 1114 affines3
776 1036 829 1101 sed
854 1036 886 1100 hi
903 1060 1049 1122 pauperes
1067 1047 1147 1102 sunt.
1178 1038 1254 1103 Scri·

164 1152 300 1218 bendum
324 1151 393 1230 arcp'
416 1146 455 1221 οἷς
479 1150 636 1213 κοιτέλιοιεν
660 1146 714 1223 όν,
738 1149 820 1233 apud
837 1170 913 1232 quos
929 1150 1119 1234 reliquisset,
1137 1152 1162 1214 si
1178 1152 1253 1235 quid

166 1262 348 1327 abscondere
372 1262 531 1347 potuisset.

211 1379 227 1461 p
251 1379 303 1438 50.
350 1372 460 1448 ἠκούετ’
491 1375 519 1434 ἐν
548 1380 586 1450 τῇ
616 1371 772 1452 casanola,
803 1373 839 1442 ὡς
870 1371 1005 1448 Διότιμος
1029 1373 1091 1452 ἔχοι
1115 1374 1253 1438 τόλοιντιι

165 1484 382 1565 τεττοιρόκοντοι
405 1485 496 1546 πλείω
520 1482 538 1557 ἢ
561 1480 616 1545 όσοι
639 1482 725 1567 ababa
749 1482 892 1559 ὡμολόγει
914 1484 996 1562 nepot
1019 1491 1074 1547 τῶν
1083 1487 1253 1564 ναυκλήρων

165 1598 213 1662 κοιὶ
238 1596 376 1676 ἐμπόρων.
417 1594 653 1657 Rauchonstein.
679 1594 808 1678 explicat
824 1595 994 1659 Diotimum
1010 1598 1159 1681 accepisse
1175 1620 1254 1661 sum-

164 1731 245 1771 mam
268 1708 413 1790 pecuniae
437 1704 640 1788 quadraginta
663 1704 787 1768 talentis
811 1707 955 1770 maiorem
979 1730 1070 1790 quam
1094 1709 1159 1792 ipse
1181 1709 1254 1773 fate·
1309 1763 1311 1769 .

165 1830 258 1882 retur.
306 1817 364 1880 Sed
389 1817 446 1879 boc
470 1817 513 1880 sic
536 1839 641 1901 graece
665 1839 727 1880 non
750 1816 862 1881 dicitur
883 1819 934 1882 sed
951 1819 1124 1900 τοιλοόντοις,
1143 1820 1180 1884 cl.
1198 1823 1249 1887 30.

167 1934 207 1993 20
227 1938 255 1992 et
272 1932 324 1992 21.
361 1928 470 2012 ltaque
493 1928 656 2012 legendum
680 1927 816 1992 videtur:
844 1930 1000 2002 τοιλόντοις
1017 1930 1252 2012 arrasam,

167 2042 257 2105 πλείω
285 2038 354 2104 όοων
378 2041 465 2110 ωὐτὸς
489 2039 650 2115 ὡμολόγει,
683 2040 764 2119 ποιρόι
783 2046 842 2102 τῶν
869 2043 1032 2120 νωνκλήρων
1052 2050 1100 2106 ιιοιὶ
1124 2046 1253 2121 ἐμπόρων

166 2153 194 2234 (ἦ
212 2151 327 2214 omittit
340 2151 458 2235 Palea).
491 2150 628 2213 Diotimo
650 2152 794 2235 (stratego
815 2174 841 2214 a.
859 2155 923 2215 388
933 2202 942 2231 ,
956 2153 993 2216 cl.
1007 2153 1253 2238 Rauchenstein.)

167 2264 285 2326 crimini
316 2263 446 2328 dabatur
475 2262 557 2347 quod
585 2287 620 2326 ex
644 2264 773 2348 pecunia
796 2287 813 2327 a
836 2267 1053 2331 mercatoribus
1077 2275 1107 2331 et
1130 2270 1253 2332 navium

167 2376 319 2458 magistris
342 2377 370 2438 ei
393 2376 493 2438 soluta
516 2398 569 2459 pro
594 2377 740 2439 comitatu
764 2386 795 2440 et
817 2376 992 2441 defensione
1013 2380 1135 2443 navium
1155 2389 1253 2445 vecto·

167 2488 298 2573 riarum,
323 2509 400 2569 quae
424 2509 476 2571 per
499 2486 735 2571 Hellespontum
760 2488 961 2571 navigabant,
986 2512 1048 2553 nou
1064 2492 1165 2554 miuus
1182 2514 1254 2575 qua-

167 2581 316 2682 ‹lraginta-
327 2600 441 2663 talenta
461 2599 520 2663 sibi
534 2586 742 2662 reservaturus
758 2622 820 2663 non
836 2602 937 2664 omnia
949 2625 983 2664 ex
997 2624 1067 2665 vero
1079 2603 1252 2668 indicasset.

166 2710 270 2774 Simile
295 2711 369 2794 quid
393 2711 545 2775 obiectum
568 2711 628 2774 fuit
651 2710 845 2788 Erasinidae3
870 2712 907 2776 cf.
933 2711 1011 2776 Xen.
1029 2712 1110 2777 Hell.
1128 2714 1154 2778 I.
1174 2719 1202 2780 7.
1221 2719 1251 2778 2.

167 2825 222 2888 Kal
254 2831 354 2887 τοιῦτοι
384 2824 473 2886 initio
509 2824 663 2908 sequentis
697 2824 864 2887 sententiae
896 2824 954 2907 (nal
979 2832 1079 2890 τωῦτοι
1101 2866 1146 2874 -
1165 2829 1252 2900 οὐδεὶς

168 2934 320 3017 ἐξήλεγξε)
351 2935 517 2998 necessario
549 2934 738 2999 referendum
772 2943 849 2998 esset
868 2935 917 3017 *ad
942 2936 1175 3002 Atheniensium
1200 2940 1253 3003 fal-

167 3071 228 3111 sam
265 3047 456 3131 opinionem,
491 3047 523 3109 in
559 3045 765 3131 superioribus
800 3056 1079 3125 commemoratam,
1119 3049 1200 3133 quod
1236 3075 1261 3128 a,

166 3159 363 3243 sequentibus
390 3158 480 3243 plane
508 3157 666 3235 abhorret,
691 3158 803 3240 quibus
827 3181 909 3221 error
931 3158 983 3222 ille
1007 3160 1131 3223 omuino
1154 3161 1254 3224 subla-

166 3277 215 3333 tus
239 3293 303 3333 esse
326 3270 523 3353 significatur.
570 3269 629 3331 Pro
653 3268 701 3333 acl
730 3275 829 3333 τοῦτον
852 3271 972 3353 requiro
996 3272 1075 3347 μετὰ
1099 3279 1199 3337 vaura
1219 3274 1251 3354 δ’,

163 3387 267 3464 postea
281 3403 363 3444 ιοονιοο
375 3384 459 3444 idum
471 3382 635 3462 redarguit.
660 3379 800 3464 Denique
816 3380 850 3442 in
866 3380 927 3443 illis
944 3383 1099 3455 Ἀόννιιίων
1115 3383 1253 3448 οἱνιόνοων

167 3492 326 3565 οέκνκοότων
351 3491 391 3555 ότι
415 3491 634 3569 τεττοιροόκοντοι
653 3491 792 3554 τόλοιντιι
812 3490 874 3570 ἔχοι
897 3492 1032 3569 Διότιμος
1051 3531 1096 3540 -
1112 3493 1192 3573 ἔχειν
1208 3504 1254 3558 est

166 3601 258 3682 ἑωυτῷ
277 3601 366 3683 ἔχειν,
388 3601 455 3664 aliis
473 3607 611 3685 surrepta
630 3600 801 3685 possidere,
825 3601 861 3665 cf.
884 3605 936 3666 28.
959 3604 996 3665 5:
1013 3603 1069 3675 ricc
1081 3611 1151 3676 νοιῦς
1163 3605 1252 3685 ἔχειν.

211 3716 227 3798 b
252 3717 321 3776 62.-
349 3713 450 3798 Lego:
474 3712 547 3778 ι’όοτε
570 3715 610 3793 τῷ
633 3716 664 3790 γ’
687 3714 760 3793 ἔργῳ
782 3721 845 3785 τῆς
869 3713 1004 3785 πόλεως
1026 3716 1129 3780 τωῦτ’
1152 3716 1253 3780 ἔοτοιι

167 3847 221 3908 pro
244 3824 339 3890 πόλοιι
363 3825 440 3890 τοῦτ’
465 3825 551 3890 ἔστιν.
599 3813 687 3888 Nihil
711 3833 866 3910 praeterea
890 3825 1088 3890 desideratur.

516 4063 567 4105 XX.
596 4071 666 4108 THE?
687 4070 896 4108 ΠΟΛΤΣΤΡΑΤΟῪ.

210 4268 349 4331 Dobreus
372 4267 451 4331 hauc
474 4266 641 4330 orationem
664 4290 745 4344 „non
772 4266 1042 4332 contemnendam
1067 4266 1161 4343 dixit,
1184 4287 1251 4328 eau—

166 4379 233 4442 dem
260 4400 328 4442 vero
352 4383 396 4463 (p.
414 4380 487 4462 192)
507 4399 630 4453 „crasso
654 4378 725 4441 filo”
753 4379 905 4462 scriptam.
954 4377 1106 4462 Equidem
1126 4400 1192 4441 eam
1210 4378 1254 4440 ita
