2850 5024
678 394 741 458 158

162 592 266 664 εἰδότες
297 592 339 658 ότι
370 631 415 643 -
446 593 582 670 πρόθυμοι
613 593 689 666 όντες
721 594 761 665 εἰς
786 593 865 669 ὑμόις
888 589 1082 669 οὶξιοθμεθα
1106 591 1256 670 εὑρίσκε-

162 704 243 767 σθαι
267 703 366 783 χόριν.
413 702 554 768 Debebat
585 704 693 767 saltem
716 704 894 782 chrothardo
916 703 1022 783 χάριν,
1048 700 1131 784 quod
1155 700 1253 785 ipsius

163 815 293 876 oratoris
316 812 452 893 σφόημα
477 835 542 876 esse
566 815 616 876 vix
641 813 793 896 estquod
818 835 966 877 moneam.

210 924 262 986 35.
309 921 499 1000 Πεπόνθαμεν
522 923 552 987 δὲ
574 924 738 988 τούναντίον
761 930 820 993 τοῖς
843 922 1136 999 ἄλλοιςανθρόιποις.
1158 922 1255 997 οἱμὲν

162 1033 222 1112 γόιρ
245 1033 332 1096 ἄλλοι
352 1035 417 1103 τοὺς
441 1033 553 1105 παῖδας
573 1033 834 1113 παραστησάμενοι
851 1029 1034 1106 ἐξαιτοῦνται
1051 1035 1151 1112 σφας,
1170 1033 1254 1105 ἡμεῖς

162 1140 191 1205 δὲ
210 1141 259 1205 τόν
281 1143 397 1222 πατέρα
420 1144 530 1207 τουτονὶ
553 1142 604 1205 καὶ
629 1145 707 1217 ἡμᾶς
732 1140 934 1227 ἐξαιτούμεθα.
975 1139 1191 1204 Omittendum
1213 1140 1255 1200 vi·

163 1249 252 1313 detur
274 1251 326 1315 καθ
350 1258 420 1315 ant-e
445 1255 541 1332 ἡμᾶς,
560 1251 793 1329 creterrarum
809 1252 921 1315 τουτονί
935 1250 1070 1334 pendeat
1086 1250 1124 1313 ab
1141 1250 1254 1312 omisso

162 1361 430 1440 παραστησάμενοι.
455 1401 500 1410 -
524 1362 666 1445 Denique
689 1361 747 1425 sub
770 1362 863 1424 finem
887 1361 1031 1424 sectionis
1056 1360 1175 1444 egregie
1192 1359 1254 1422 Do·

161 1469 254 1533 breus
284 1470 424 1542 παθόντες
456 1469 604 1554 (Cobetus
633 1471 816 1552 πεπονθότες)
832 1474 919 1546 ημῶν
941 1473 970 1533 τ’
992 1468 1101 1544 οόνοόξια
1125 1469 1175 1533 καὶ
1199 1477 1251 1542 τῆς

162 1578 283 1651 πόλεως.

370 1810 434 1852 xxi.
465 1818 607 1858 anchoris
629 1817 811 1858 ΔΩΡΟΔΟΚΙΑΣ
834 1817 1035 1857 ΑΠΑΡΑΣΗΜΟΣ.

208 2013 308 2093 Quale
339 2016 432 2080 fuerit
461 2018 639 2082 institutum
663 2025 717 2083 τόν
744 2019 872 2099 ζητητῶν
896 2020 960 2082 sive
983 2016 1193 2096 Quaestorum
1216 2014 1250 2075 fi-

163 2124 309 2201 scalium,
342 2147 474 2209 quorum
498 2128 531 2190 in
553 2128 611 2190 hac
638 2129 775 2192 oratione
797 2131 814 2212 b
840 2130 879 2190 16
904 2127 1020 2191 mentio
1045 2134 1108 2201 est,
1134 2124 1251 2207 optime

163 2232 309 2296 discimus
337 2256 374 2297 ex
401 2235 626 2314 Demosthene,
654 2238 687 2300 in
710 2237 841 2301 Timocr.
865 2241 882 2322 q
908 2241 946 2300 ll
972 2258 1039 2320 sqq.
1064 2242 1094 2299 et
1118 2232 1252 2297 Beklreri

163 2343 302 2408 Anecdd.
323 2343 349 2407 Ι.
371 2367 400 2428 p.
421 2348 483 2408 261
498 2347 517 2408 i.
530 2367 555 2409 v.
573 2347 719 2423 Ζητηταό·
739 2349 819 2428 νἰρχθ
838 2372 881 2419 τις
901 2346 1048 2421 Ἀθήνησίν
1068 2347 1148 2419 ἐστι,
1170 2345 1251 2409 κατόν

164 2454 275 2533 καιροὺς
304 2455 519 2533 καθισταμένη,
549 2457 617 2535 πρὸς
640 2454 672 2533 ἣν
695 2459 847 2536 ε’μηνθοντο
871 2460 895 2523 οἱ
918 2459 1083 2540 όφεόλοντες
1107 2465 1144 2536 τῇ
1169 2453 1251 2520 πόλει

163 2567 310 2645 χρήματα
340 2567 389 2632 καὶ
417 2569 459 2644 μη
482 2567 663 2639 ἀποδιδόντες
687 2569 911 2652 (ἀποδεδωκότες
935 2568 1066 2632 Photius
1090 2567 1122 2631 in
1146 2591 1174 2630 v.
1195 2577 1252 2639 Ζη-

163 2678 254 2750 τηταό
275 2679 308 2742 in
330 2678 457 2762 reliquis
481 2680 692 2756 consentieus3
717 2680 755 2743 cf.
780 2680 875 2765 Harp.
900 2681 933 2743 in
956 2681 1111 2762 Ζητητηο).
1158 2676 1253 2760 Apud

118 2807 121 2811 ·
164 2786 405 2853 Demosthenem
429 2790 614 2870 Quaestores
639 2793 755 2856 crimen
779 2792 1000 2855 denunciatum
1024 2790 1083 2854 sibi
1108 2789 1146 2852 ad
1170 2809 1255 2851 sena·

164 2902 231 2960 tum
263 2897 422 2976 deferunt,
454 2925 472 2964 a
503 2924 564 2986 quo
592 2902 673 2965 facto
704 2902 938 2986 probuleumate
969 2923 1016 2964 res
1040 2900 1077 2964 ad
1103 2898 1254 2983 populum

164 3010 318 3087 reiicitur3
343 3017 445 3075 tamen
469 3012 643 3075 mirandum
666 3033 729 3075 non
753 3019 799 3075 est
822 3012 849 3075 si
871 3012 905 3075 in
921 3033 1013 3074 causa
1028 3010 1158 3095 Lysinoe
1172 3009 1254 3075 idem

66 3205 69 3210 Ι
164 3118 280 3184 fectum
311 3143 374 3184 non
407 3122 455 3184 sit.
502 3119 613 3205 Neque
645 3121 725 3184 enim
756 3122 970 3206 magistratum
1002 3128 1087 3184 extra
1117 3120 1254 3184 ordinem

164 3230 345 3295 institutum
370 3254 488 3316 semper
511 3232 640 3296 eandem
663 3233 791 3296 formam
813 3232 923 3296 iudicii
946 3239 1087 3296 secutum
1108 3253 1172 3295 esse
1189 3253 1260 3315 pro.

165 3339 266 3404 babile
289 3351 352 3418 est,
378 3349 408 3405 et
431 3344 639 3406 accusationes
662 3345 744 3407 inter
760 3366 792 3406 se
809 3343 882 3406 satis
899 3343 1036 3406 diversae
1053 3348 1142 3419 sunt,
1160 3363 1256 3425 quum

166 3450 247 3535 apud
281 3452 521 3516 Demosthenem
547 3475 601 3536 per
623 3452 849 3537 praeiudicium
873 3452 1028 3536 quoddam
1051 3453 1078 3535 (q
1104 3453 1161 3514 12:
1186 3452 1258 3514 οἱπε-

164 3562 377 3640 χειροτονιὶσαθ
408 3564 490 3640 ὑμεῖς
523 3564 565 3639 μη
595 3563 685 3642 φίλια
716 3559 800 3645 εἶναι)
833 3562 989 3626 dubitatio
1018 3563 1154 3645 praecise
1178 3567 1258 3624 esset

166 3680 196 3735 et
219 3671 397 3757 peculatum
420 3673 535 3737 factum
559 3696 624 3739 esse
648 3682 817 3752 constaret,
844 3674 925 3758 apud
942 3673 1067 3757 Lysiam
1083 3694 1154 3735 reus
1167 3670 1257 3756 plene

165 3783 327 3866 pecuniam
351 3785 467 3847 aerario
491 3783 695 3848 substractam
715 3785 809 3850 fuisse
826 3791 927 3869 neget.
964 3782 1064 3846 Causa
1092 3782 1195 3866 agitur
1224 3782 1256 3844 in

165 3892 255 3956 solito
288 3892 404 3957 iudicio
437 3891 547 3975 (ἄνδρες
570 3894 747 3980 δικασταόῤ
773 3899 802 3980 l)
826 3918 888 3960 non
911 3896 943 3958 in
967 3893 1116 3974 ἐκκλησίᾳ.
1160 3894 1257 3956 Accu-

165 4007 235 4064 sent
263 4001 356 4065 iidem
388 4004 442 4086 qui
472 4025 559 4068 reum
590 4005 813 4084 Quaestoribus
844 4005 1109 4069 denunciaverunt
1133 4004 1159 4086 (q
1183 4003 1255 4084 20);

166 4111 278 4174 horum
307 4133 400 4196 opera
433 4135 496 4177 non
530 4114 613 4177 ultra
646 4116 828 4199 processisse
857 4114 980 4178 videtur
1011 4135 1102 4197 quem
1133 4120 1255 4175 utrem

165 4221 342 4284 summatim
358 4223 513 4305 cognitam
537 4223 576 4286 ad
599 4225 749 4288 iudicium
774 4224 935 4288 deferrent.
972 4223 1083 4305 Neque
1104 4221 1186 4286 enim
1205 4221 1255 4284 ius

166 4332 265 4396 dicere
288 4354 388 4415 neque
408 4353 550 4395 accusare
569 4334 629 4418 ipsi
648 4333 804 4411 solebant,
821 4341 859 4398 ut
879 4357 914 4397 ex
933 4331 1141 4396 Demosthene
1160 4329 1255 4414 (apud
