2850 5024
655 390 717 454 171

138 582 222 647 citati
251 582 308 646 tali
338 584 439 666 qualis
467 592 514 648 est
535 587 554 668 p
578 587 619 648 14
642 592 795 669 repugnat
817 586 964 650 orationis
986 586 1070 649 color
1089 581 1228 668 placidus

138 698 169 754 ct
191 693 330 774 quietus,
355 714 418 757 non
441 694 648 777 protervitatis
672 701 702 757 et
725 693 914 777 petulantiae
929 693 1048 778 plenus.
1073 693 1227 756 Festivum

138 811 184 864 est
207 801 290 883 quod
313 823 405 866 senex
428 824 521 886 paene
545 802 718 887 decrepitus
742 802 791 884 (cl.
812 805 829 886 p
848 805 883 866 6:
903 800 936 876 ἣν
955 803 1042 874 αὐτὸς
1062 802 1113 876 ἤδη
1132 815 1229 880 χαλε·

137 915 197 980 τῶν
224 909 394 990 ἐργάζομαι.
441 913 458 994 p
482 914 518 974 8:
543 921 637 988 γῆρας
659 950 705 960 -
728 912 936 992 τροςνίννεταί
957 914 1016 995 μοι)
1036 919 1067 974 et
1094 911 1228 994 corporis

137 1021 214 1084 vitio
242 1020 281 1083 ab
312 1043 413 1085 amore
445 1022 604 1100 exclusus,
629 1023 704 1086 dicit
728 1024 836 1095 τοοῖδες
860 1023 889 1087 δέ
912 1046 960 1100 μοι
982 1021 1073 1088 οὕτω
1096 1021 1182 1097 εἰσὶν,
1206 1017 1234 1084 οἵ

137 1154 176 1204 με
208 1126 426 1209 θεοατεύοονοιν
456 1133 483 1214 (p
507 1134 548 1216 6).
596 1130 655 1195 Sed
680 1132 799 1196 collatis
823 1133 968 1217 proximis
991 1131 1105 1195 dubius
1128 1129 1230 1194 haere·

138 1239 202 1316 bis,
236 1248 340 1304 utrum
371 1241 454 1305 hunc
479 1240 638 1305 scurrilem
662 1242 766 1306 iocum
788 1241 921 1305 voluerit
943 1239 1089 1316 claudus,
1114 1261 1153 1302 an
1175 1238 1230 1301 mi·

137 1371 197 1412 uus
231 1350 391 1433 perspicue
425 1350 656 1434 significaverit:
692 1349 799 1427 liberi,
836 1372 913 1435 quos
944 1349 1060 1426 habeo,
1090 1348 1229 1411 nondum

138 1457 236 1521 adulti
259 1466 334 1523 sunt
356 1481 412 1524 nec
436 1460 510 1523 satis
534 1459 656 1537 valent,
682 1468 719 1524 ut
742 1482 791 1524 me
815 1465 999 1524 sustentent.
1046 1457 1157 1520 Paucis
1180 1477 1230 1518 vo·

139 1567 255 1632 nebulis
285 1576 356 1652 post
387 1569 465 1632 serio
489 1576 731 1653 argumentatur.
778 1568 921 1634 Hominis
945 1569 1028 1632 dicta
1051 1575 1081 1631 et
1103 1565 1229 1630 facetiae

140 1699 158 1740 a
184 1676 278 1760 Lysia
308 1679 405 1742 forma
427 1679 566 1763 legitima
588 1679 762 1743 orationum
785 1677 978 1742 iudicialium
1001 1677 1113 1741 induta
1136 1683 1226 1751 sunt,

140 1785 193 1849 sed
228 1808 264 1850 eo
297 1787 364 1871 ipso
396 1789 513 1871 saporis
550 1788 743 1871 aliquantum
775 1789 951 1851 amiserunt.
999 1786 1139 1851 Libertas
1168 1785 1229 1848 oris

140 1894 272 1960 hominis
304 1897 416 1981 plebeii
447 1905 566 1982 pugnat
597 1919 668 1961 cum
692 1899 852 1962 sententiis
876 1898 908 1961 in
931 1898 1004 1961 artis
1027 1896 1139 1961 incude
1161 1917 1229 1979 pro·

140 2004 230 2067 cusis.
277 2004 316 2068 In
339 2006 399 2068 fine
422 2014 525 2069 autem
548 2007 693 2070 cretionis
716 2006 796 2070 nihil
819 2005 984 2070 hilaritatis
1007 2008 1152 2089 taetrae
1171 2004 1228 2068 Zu-

140 2113 304 2196 vorsicht'')
328 2114 416 2178 video
440 2114 595 2200 equidem,
619 2138 675 2180 nec
699 2115 781 2200 quod
797 2138 981 2200 magnopere
996 2115 1130 2181 iudicem
1146 2136 1226 2178 com-

139 2243 260 2286 movere
283 2224 390 2306 possit.

183 2329 316 2408 Verum,
342 2333 399 2396 etsi
419 2333 539 2417 aliquid
562 2332 786 2398 detrahendum
808 2342 884 2419 puto
900 2335 938 2398 de
954 2335 1102 2420 singulari
1117 2336 1225 2412 laude,

139 2460 200 2521 qua
222 2439 497 2505 Rauohensteinius
521 2442 600 2505 hanc
623 2443 745 2509 extollit
767 2444 952 2521 orationem,
977 2452 1079 2509 tamen
1101 2445 1226 2508 minime

139 2570 217 2631 nego
240 2570 310 2612 suas
333 2548 418 2613 illam
442 2549 552 2615 habere
573 2552 710 2616 virtutes.
735 2551 852 2617 Ordine
876 2560 906 2617 et
929 2553 1084 2618 subtiliter
1105 2553 1227 2637 ringula

139 2658 341 2722 accusationis
372 2659 472 2744 capita
502 2660 739 2745 redarguuntur.
786 2661 915 2740 Omnia,
946 2685 1024 2748 quae
1048 2652 1227 2736 commemo-

137 2765 233 2830 randa
256 2777 357 2844 erant,
381 2790 445 2832 uno
468 2769 536 2832 loco
558 2779 800 2854 componuntur,
824 2775 841 2856 p
863 2775 901 2835 cl:
925 2773 999 2855 φησὶ
1022 2774 1082 2853 γὰρ
1104 2775 1224 2848 ἑκατη-

137 2897 219 2953 γοοοο
245 2879 276 2940 οὐ
305 2878 419 2950 δικαίως
447 2903 487 2955 με
515 2880 683 2957 λαμβανειν
711 2881 745 2944 τὸ
767 2883 850 2960 παρὰ
872 2890 925 2956 τῆς
949 2882 1059 2955 πόλεως
1078 2883 1226 2962 apadno·

137 2985 187 3048 καὶ
223 2992 282 3065 γαρ
314 2989 356 3067 τῷ
387 2989 502 3063 τώμοιτι
529 2989 664 3054 δύνασθαι
695 2991 747 3054 καὶ
777 2994 827 3056 οὐκ
854 2989 926 3057 εἶναι
954 2998 1010 3058 τῶν
1041 2993 1189 3058 ἀδυνάτων
1202 2993 1226 3075 ¹)

139 3094 189 3174 (cf.
213 3096 230 3179 p
254 3098 313 3172 13,
341 3099 414 3182 lt),
438 3098 488 3163 καὶ
512 3098 620 3179 τέχνην
642 3101 817 3165 ἐπίστασθαι
840 3100 975 3175 τοιαύτην
996 3099 1070 3166 ὥστε
1093 3102 1143 3166 καὶ
1159 3100 1227 3166 ἄνευ

137 3209 188 3267 τοῦ
212 3204 352 3282 διδομένου
372 3208 473 3273 τούτου
492 3208 543 3290 ζῆν
566 3211 593 3294 (o
606 3213 642 3286 6,
659 3213 707 3295 9),
727 3213 776 3276 nal
796 3214 956 3293 τεκμηρίοις
974 3219 1084 3292 χρῆται
1101 3221 1155 3285 τῆς
1174 3212 1228 3287 μὲν

137 3318 188 3378 τοῦ
211 3316 346 3391 σώματος
369 3317 481 3398 ῥώμης,
506 3317 547 3383 ὅτι
571 3319 619 3383 ἕτὶ
644 3322 709 3392 τοὺς
732 3317 836 3392 ἵττονς
855 3321 1006 3397 ἀναβαίνοι
1023 3322 1051 3405 (p
1064 3323 1226 3404 10-12),

102 3428 107 3433 ’
137 3431 190 3496 τῆς
219 3424 245 3488 δ’
268 3427 298 3488 ἐν
324 3437 361 3506 τῇ
391 3426 483 3509 τέχνη
514 3431 668 3509 εὐπορίας,
698 3430 740 3496 ὅτι
764 3432 890 3508 δύναμαι
914 3440 1037 3497 συνεῖναι
1061 3431 1226 3509 δυναμένοις

140 3533 320 3617 [ἀνθρώποις]
344 3535 510 3601 ἀναλίσκειν
539 3539 566 3621 (p
592 3541 648 3616 19,
667 3541 730 3622 20).
768 3539 826 3604 His
854 3550 1061 3606 annectuntur
1087 3564 1166 3626 quae
1189 3540 1229 3604 ad

139 3640 365 3706 miserationem
388 3647 637 3711 commovendam
661 3657 732 3733 apta
754 3659 828 3713 sunt
849 3653 912 3734 dl,
928 3653 962 3728 83
978 3655 1083 3736 quaed
1097 3654 1227 3714 15-18

170 3890 193 3947 1)
210 3889 275 3938 Hace
293 3889 363 3938 verba
380 3894 418 3941 aad
434 3893 472 3940 οὐκ
488 3893 528 3944 οἶν.
546 3912 568 3942 τ.
584 3899 608 3942 ἀ.
627 3893 665 3942 vel
682 3893 744 3943 hanc
761 3895 792 3943 ob
809 3911 905 3946 canum
922 3913 970 3946 non
988 3898 1106 3948 debebant
1123 3899 1227 3962 'l'ayloro

137 3978 162 4022 ct
187 3974 282 4024 Dobrco
307 3981 417 4040 suspecta
441 3993 505 4036 ease,
530 3981 593 4042 qnod
612 3980 677 4031 aliud
694 3986 732 4032 est
747 3993 782 4050 τῷ
799 3993 892 4050 σώματι
907 3993 941 4052 μὴ
960 3987 1067 4040 δύνασθαι
1083 4001 1155 4050 quam
1172 3986 1228 4037 ιῖνοιι

136 4062 244 4112 ἀδύνατον
276 4060 392 4120 'Attonsae
408 4063 472 4114 anim
490 4081 534 4115 nec
551 4066 580 4115 ad
597 4082 683 4131 corpus
700 4068 796 4139 tsstnm
814 4087 857 4121 nec
875 4072 904 4121 nd
923 4089 972 4122 rem
991 4073 1132 4123 familiarem
1150 4071 1226 4120 solam

137 4147 242 4210 pertinet
264 4150 304 4199 sed
327 4150 356 4199 ad
381 4157 509 4216 utrumqne
530 4153 615 4213 simul,
634 4159 663 4205 nt
680 4159 732 4205 tote
749 4159 926 4222 argumentatio
942 4160 1026 4218 docet,
1044 4175 1117 4223 quare
1134 4175 1162 4208 ex
1181 4159 1225 4207 lrao

137 4233 233 4296 quidem
259 4238 367 4287 oratione
392 4240 455 4289 offici
479 4256 527 4290 non
549 4241 618 4300 licet,
643 4258 725 4292 omnes
748 4260 834 4309 egenos
855 4247 957 4296 Athenis
975 4247 1070 4312 publice
1088 4247 1226 4296 sublevatos

137 4337 199 4382 csso,
218 4325 259 4373 sed
276 4341 316 4374 eos
333 4329 441 4386 tantum,
460 4329 501 4392 qui
520 4344 620 4392 corpora
637 4331 708 4382 simul
725 4348 774 4381 non
791 4333 904 4383 valerent.
