2850 5024
664 360 682 419 5

126 571 223 628 artem
257 573 376 644 tamen,
408 575 443 630 ut
474 568 526 650 qui
557 568 703 643 maxime,
724 566 898 630 occultavit.
952 566 998 629 De
1022 567 1217 652 simplicitate

126 675 256 761 Lysiam
286 678 383 762 possis
417 678 589 763 praedicare
620 678 703 762 quod
732 677 857 742 deeius
881 677 1080 762 dispositione
1104 678 1217 743 dicitur

126 787 230 870 (Dion.
254 810 279 851 c.
305 791 337 872 8)
361 790 516 863 πεποίηται
549 790 628 869 αὐτῷ
659 795 743 853 τοῦτο
774 789 807 852 τὸ
831 791 984 863 ἀποίητον,
1009 790 1058 854 καὶ
1082 791 1111 854 ἐν
1135 793 1214 872 αὐτῷ

125 901 166 979 τῷ
189 902 231 975 μή
255 900 343 964 δοκεῖν
365 900 458 970 δεινῶς
480 901 712 965 κατεσκευάσθαι
734 899 767 964 τὸ
790 900 874 963 δεινὸν
898 901 969 980 ἔχει.

170 1010 336 1094 Dionysius
358 1013 410 1084 τήν
433 1010 573 1085 aldenardae
596 1009 706 1095 Lysiae
730 1010 858 1074 laudans
882 1010 1012 1074 dubium
1029 1019 1092 1089 cst,
1110 1019 1215 1076 utrum

124 1144 196 1185 suos
226 1143 324 1184 mores
352 1121 480 1206 singulis
504 1122 672 1206 adscriptos
697 1122 788 1198 velit,
813 1145 851 1185 an
875 1122 1018 1186 omuibus
1041 1123 1129 1207 probi
1153 1147 1214 1187 orn·

124 1234 198 1296 nino
227 1232 285 1295 viri
315 1233 471 1317 ingenium
503 1233 653 1297 tributum
684 1233 733 1316 (of.
763 1232 970 1317 Hermogenes
1002 1234 1040 1297 de
1063 1234 1144 1298 ldeis
1168 1234 1211 1299 II.

122 1368 154 1428 p.
180 1347 254 1408 304.
279 1344 384 1407 Wala:
410 1339 470 1417 ήήος
490 1344 580 1408 τοίνυν
601 1347 628 1408 ἐν
646 1345 726 1424 λόγῳ
746 1352 823 1410 ποιεῖ
840 1345 977 1409 ἐπιείκεια
995 1345 1044 1409 aa>
1065 1345 1211 1426 ἀφέλεια,

122 1483 150 1522 κ.
168 1482 196 1521 τ.
213 1457 257 1540 ὲ).
292 1455 449 1519 Posterius
473 1456 534 1519 fere
557 1455 752 1550 crediderim,
778 1455 861 1542 quod
885 1456 1045 1542 subiungit
1067 1466 1213 1542 tanquam

120 1590 232 1632 novam
254 1574 285 1631 et
308 1566 457 1635 diversam
480 1568 623 1632 virtutem
646 1570 683 1650 (c.
709 1571 766 1652 a),
792 1569 982 1653 singularum
1005 1576 1156 1647 aetatum,
1182 1578 1212 1633 et

121 1679 294 1743 studiorum
321 1680 472 1742 orationes
495 1679 533 1742 ab
557 1702 592 1743 eo
616 1679 775 1743 distinctas
798 1681 901 1744 fuisse.
949 1679 1008 1744 Sed
1032 1680 1082 1744 hic
1104 1705 1211 1745 rursus

120 1792 212 1855 nimis
242 1790 280 1853 ad
312 1788 433 1853 laudem
463 1811 631 1874 propensus
662 1813 727 1854 esse
758 1791 888 1855 videtur.
933 1791 1074 1877 Namque
1104 1791 1211 1877 Lysias

120 1910 203 1966 recto
233 1907 307 1967 usus
337 1900 467 1978 iudicio,
495 1911 619 1965 eatenus
643 1901 767 1986 quidem
790 1900 931 1966 distinxit
954 1903 1034 1966 inter
1057 1925 1089 1965 se
1112 1926 1211 1987 perso·

119 2037 191 2092 nas,
211 2021 246 2077 ut
265 2036 327 2078 non
346 2014 486 2077 omuibus
508 2036 577 2077 eum
597 2012 757 2077 candorem
777 2021 808 2077 et
827 2014 1053 2098 simplicitatem
1072 2016 1210 2096 (εὐήθειαν

118 2124 170 2189 καὶ
198 2125 353 2210 ὠφέλειαν)
380 2125 580 2202 adscriberet,
606 2124 658 2189 sed
682 2133 783 2188 tamen
807 2132 921 2189 aetates
945 2132 975 2189 et
997 2127 1077 2189 vitae
1100 2149 1210 2210 genera

120 2236 258 2300 oratione
280 2259 343 2300 non
366 2236 524 2314 distinxit3
549 2244 580 2300 et
601 2237 686 2300 illam
708 2238 806 2321 ipsam
829 2236 1055 2322 simplicitatem
1078 2237 1121 2300 sic
1141 2237 1210 2302 sub-

117 2346 192 2411 inde
223 2349 430 2434 exaggeravit,
463 2354 499 2412 ut
530 2348 668 2412 affectata
700 2347 890 2412 auditoribus
913 2348 1066 2411 videretur
1089 2371 1209 2413 necesse

118 2466 208 2523 esset.
243 2459 315 2523 Non
340 2460 442 2537 video,
467 2459 541 2545 quid
565 2482 748 2544 magnopere
771 2460 892 2523 intersit
911 2461 992 2523 inter
1011 2459 1113 2523 claudi
1129 2461 1209 2523 senis

116 2593 304 2649 sermonem,
329 2572 379 2635 cui
399 2571 571 2635 vicesimam
590 2580 746 2657 quartam,
767 2578 798 2635 et
817 2571 967 2655 agricolae
983 2572 1058 2654 (ruri
1073 2571 1207 2649 habitat,

117 2683 157 2745 cl.
181 2684 272 2766 §182
298 2684 362 2753 τοὺς
386 2684 531 2766 γείτονας)
555 2683 605 2746 cui
629 2683 789 2767 septimam
812 2681 980 2745 orationem
996 2683 1132 2767 scripsit,
1153 2705 1210 2746 nec

116 2796 199 2858 inter
228 2795 356 2860 militem
389 2797 476 2878 (orat.
512 2797 564 2879 16)
596 2804 626 2859 et
658 2794 872 2879 Aristophanis
904 2794 1024 2858 affinem
1054 2796 1108 2876 (or.
1150 2796 1207 2878 19).

117 2905 191 2969 Non
220 2905 389 2990 provocabo
419 2906 458 2969 ad
480 2905 584 2969 Plauti
607 2905 757 2983 Militem,
782 2913 818 2968 ut
841 2906 896 2990 qui
919 2905 960 2969 sit
983 2928 1080 2969 sermo
1103 2906 1209 2969 militis

118 3016 314 3101 gloriabundi
348 3016 523 3094 ostendam,
556 3018 608 3081 sed
640 3018 743 3103 potius
775 3017 813 3081 ad
845 3017 936 3082 verba
966 3017 1148 3101 Iphicratis,
1174 3017 1206 3079 in

117 3129 273 3208 oratione,
302 3141 364 3214 qua
390 3151 422 3193 se
451 3151 514 3192 non
544 3128 706 3212 indignum
734 3127 849 3192 honore
873 3126 1009 3191 ostendit
1032 3126 1090 3190 sibi
1115 3125 1207 3189 semel

117 3239 287 3324 designato.
324 3239 400 3303 Earn
424 3240 591 3303 orationem
615 3237 740 3324 quidam
764 3237 843 3302 male
858 3236 966 3322 Lysiae
985 3236 1205 3301 adscribebant.

116 3354 169 3428 El,
190 3351 309 3436 inquit,
333 3352 411 3417 ἑπτοὶ
432 3353 498 3428 ὑμῖν
522 3348 594 3427 ήσνν
619 3349 778 3431 στρατηγοὶ
798 3345 852 3421 οἶος
872 3349 947 3426 ἐγώ,
968 3349 1098 3422 ἀοίκητος
1118 3346 1154 3411 ἂν
1174 3343 1205 3423 ήν

116 3465 135 3537 ή
152 3462 347 3539 Λακεδαίμων
371 3461 550 3546 (Aristides,
575 3484 618 3525 or.
640 3465 693 3539 49,
717 3484 747 3545 p.
766 3462 829 3524 518
847 3459 920 3523 Ddl.
937 3459 1026 3543 frgm.
1043 3458 1166 3523 XVIII.
1185 3462 1203 3522 5

116 3573 254 3659 Saupp.).
290 3575 390 3647 ’Ὑμεῖς
413 3575 466 3650 μὲν
490 3572 571 3637 οἴεσθ’
594 3569 614 3636 ὦ
638 3571 735 3652 ἄνδρες
750 3571 907 3647 Ἀθηναῖοι,
925 3573 994 3650 παρ’
1010 3572 1088 3648 ὑμῶν
1105 3571 1205 3635 τοῦτοί

116 3709 165 3763 μοι
186 3684 247 3768 (τοὶ)
266 3684 437 3763 waimara
452 3684 501 3749 κοιὶ
518 3685 570 3758 τήν
592 3685 702 3759 στήλην
720 3680 794 3748 rival
809 3707 838 3747 τι
856 3681 976 3766 σεμνόν,
994 3681 1056 3758 ἐμοὶ
1068 3681 1097 3745 δὲ
1110 3683 1204 3757 στήλη

115 3796 309 3874 οὐρανομήκης
333 3794 452 3870 ἕστηκεν
476 3797 504 3860 ἐν
526 3806 563 3878 τῇ
586 3796 791 3875 Πελοποννήσῳ
814 3799 1000 3874 μαρτυροῦσα
1022 3794 1074 3867 τήν
1089 3794 1202 3873 ἀρετήν.

115 3907 189 3992 (Ib.)
219 3907 263 3970 Τὸ
293 3910 346 3983 μὲν
376 3906 444 3984 ἐμὸν
473 3909 528 3970 ἀπ’
557 3909 628 3984 ἐμοῦ
656 3907 737 3984 γένος
761 3905 907 3986 ἄρχεται,
931 3904 964 3969 τὸ
988 3904 1018 3968 δὲ
1041 3903 1088 3968 σὸν
1110 3905 1139 3969 ἔν
1162 3928 1204 3968 σοι

115 4019 246 4083 παύεται
269 4017 364 4101 (Plut.
389 4017 546 4102 Apopbth.
571 4041 601 4103 p.
629 4021 701 4084 187.
726 4017 762 4080 Β.
787 4018 875 4103 frgm.
901 4015 1024 4080 XVIII.
1050 4019 1090 4101 8).
1116 4015 1204 4079 Gom·

116 4152 190 4215 para
220 4151 289 4193 cum
320 4128 368 4192 his
391 4129 472 4192 lenia
494 4129 548 4192 illa
570 4129 661 4193 verba
684 4130 790 4193 militis
814 4129 894 4212 apud
918 4127 1041 4212 Lysiam
1065 4134 1095 4190 et
1116 4126 1205 4190 intel·

114 4241 198 4325 leges
227 4249 375 4325 quantum
408 4241 509 4304 absint
531 4240 659 4326 Lysiaca
681 4241 719 4305 ab
743 4241 946 4304 ostentatione
970 4245 1000 4303 et
1021 4239 1102 4302 fastu
1126 4237 1204 4302 mili·

114 4351 185 4416 tari.
220 4349 355 4429 „Navita
379 4352 416 4416 de
439 4351 556 4428 ventis,
581 4351 618 4414 de
641 4352 740 4416 bobus
756 4358 858 4415 narrat
874 4357 974 4413 arator
981 4350 1011 4427 ;”
1035 4349 1130 4412 sedis
1146 4350 1200 4434 qui
