2850 5024
688 389 751 450 183

169 586 271 650 τούτου
293 584 519 650 ἐκπεπτωκότων
542 584 703 659 ἐτόλμησεν
726 586 817 647 ἐλθεῖν
832 585 869 654 ὡς
884 583 1012 654 τούτους.
1051 585 1102 645 la.
1121 585 1180 645 84:
1199 589 1260 647 πᾶν

169 694 193 757 θ’
215 695 252 758 θν
283 717 331 771 μοι
362 694 439 758 δοκεῖ
468 701 615 769 τολμῆσαι
643 693 720 765 ὅστις
747 729 793 740 -
822 691 879 756 νυνὶ
911 690 971 765 ἥκει
1002 691 1265 769 ἀπολογησόμενος.

169 805 238 882 πρὸς
268 805 372 874 αὐτούς
403 804 471 875 τοὺς
494 802 644 882 μοθρτνροις
667 809 720 874 τῆς
743 801 843 865 τούτου
867 799 1020 881 πονηρίας,
1042 821 1133 882 quem
1158 799 1260 864 locum

169 911 243 974 olim
275 912 389 974 frustra
421 911 603 988 sollicitavi;
635 933 706 973 nam
730 910 804 972 haec
828 908 932 970 omnia
955 929 1026 970 cum
1051 907 1174 970 Dobreo
1198 930 1261 970 cor-

168 1020 268 1102 rigere
291 1020 486 1084 temerarium
512 1019 652 1095 videtur,
677 1040 711 1081 ao
735 1018 761 1080 si
785 1017 862 1101 quid
884 1016 957 1079 duri
979 1017 1012 1079 in
1035 1015 1090 1078 illo
1113 1038 1172 1079 usu
1196 1023 1258 1094 est,

167 1126 283 1190 lenitur
314 1127 373 1190 hoc
403 1127 470 1190 loco
503 1127 696 1211 oppositione
730 1147 798 1188 cum
830 1125 997 1209 praemisso
1021 1124 1054 1188 δι’
1074 1124 1194 1204 ἑτέρους.
1215 1162 1260 1173 -

167 1234 346 1299 Subiectum
371 1237 449 1313 ὑμᾶς
474 1237 578 1300 abesse
601 1258 664 1299 non
688 1242 788 1318 potest
806 1241 931 1319 propter
947 1233 1077 1306 ε’κεθνονς.
1114 1233 1259 1297 Ceterum

167 1341 271 1407 Reisk.
306 1345 437 1408 coniecit
464 1367 519 1428 pro
551 1347 648 1410 ἔπαιε
673 1343 932 1420 ε’πκλνγθσεσθαι,
958 1342 1042 1424 quod
1065 1343 1181 1406 refutat
1198 1344 1259 1407 Do-

167 1451 257 1515 breus
268 1477 277 1528 ;
302 1451 457 1537 Sauppius
482 1453 689 1533 ὑποδύσεσθαι,
714 1451 798 1536 quod
823 1451 914 1514 etiam
932 1457 1002 1534 post
1017 1450 1259 1515 Rauohensteini

168 1560 404 1645 explicationem
427 1583 490 1624 non
514 1561 588 1624 satis
612 1561 810 1644 perspicuum
833 1566 910 1642 puto
917 1585 926 1635 3
947 1558 1189 1622 Herwerdenus:
1208 1583 1258 1623 κα

167 1670 363 1748 τανιύσεσθαι,
395 1669 477 1752 quod
509 1669 678 1733 secuudum
709 1691 744 1732 ea
775 1691 854 1752 quae
885 1691 978 1752 supra
1001 1668 1039 1731 de
1064 1669 1258 1752 oppositione

167 1799 238 1840 cum
268 1775 395 1856 μεῖζον
423 1778 558 1842 δύνασθαι
582 1777 662 1854 dixi,
686 1777 764 1841 mihi
787 1799 850 1840 non
875 1776 1032 1861 probabile
1056 1776 1188 1840 videtur.
1212 1815 1258 1826 —

167 1883 255 1964 Quae
285 1893 459 1975 sequuntur
488 1908 551 1950 non
582 1888 686 1951 minus
718 1895 862 1970 corrupta
896 1892 970 1949 sunt
1000 1886 1074 1951 ὥστε
1107 1887 1145 1950 τὸ
1169 1887 1258 1951 αὐτὸ

166 1995 302 2065 πθντες
326 1995 456 2073 ἐμποδών
479 1998 564 2073 εἰσιν,
589 1997 639 2062 ἐύν
663 2021 690 2060 τι
714 1997 748 2060 δι’
768 1996 867 2060 ἄλλων
886 1995 998 2073 ύναθὸν
1019 1997 1085 2072 ὑμῖν
1102 1997 1256 2076 φαίνηται.

167 2102 345 2166 Sententiae
377 2104 526 2168 satisfacit
557 2104 687 2188 Kayseri
710 2109 789 2170 τοῦτ’
816 2105 888 2170 αὐτὸ
910 2106 1067 2177 δείσαντες.
1115 2103 1258 2167 Coniece·

166 2234 231 2274 ram
262 2218 511 2293 συκοφαντοῦντες
543 2234 598 2297 pro
626 2237 827 2295 αντοπαντες,
857 2214 969 2276 omisso
992 2213 1043 2290 τθ,
1069 2212 1152 2295 quod
1176 2219 1257 2276 certe

167 2323 293 2406 propius
317 2321 356 2384 ad
379 2321 529 2385 librorum
552 2323 716 2386 lectionem
740 2322 867 2386 accedit.

175 2513 178 2518 „
208 2432 301 2514 «585.
348 2429 386 2493 In
418 2431 478 2492 fine
504 2452 568 2493 nou
599 2431 698 2495 multa
724 2431 829 2495 deesse
853 2432 1013 2508 videntur,
1038 2452 1109 2494 nam
1134 2437 1254 2514 praeter

164 2541 244 2604 hanc
267 2541 468 2604 sententiam:
492 2541 604 2618 „nobis
629 2541 707 2604 hanc
723 2541 945 2624 rempublicam
960 2542 1088 2606 invisam
1104 2541 1252 2617 feceritis,

165 2659 294 2712 vestram
318 2650 378 2732 ipsi
400 2649 615 2713 imminueritis
638 2657 820 2733 potestatem
827 2650 858 2727 ,''
882 2650 962 2713 nihil
984 2650 1046 2713 fere
1071 2648 1155 2732 quod
1178 2648 1255 2712 desi·

165 2759 263 2821 derari
294 2759 391 2842 possit
422 2780 580 2842 superesse
612 2759 742 2823 videtur.
789 2759 828 2822 In
859 2759 913 2822 ύπο
927 2807 934 2822 .
950 2809 979 2824 ..
1011 2759 1087 2822 latet
1114 2759 1252 2837 ὑποψίαν.

163 2867 262 2933 Scribi
292 2868 394 2951 potuit
422 2889 447 2930 e.
477 2889 524 2950 g.:
561 2871 640 2944 ἡμᾶς
675 2871 714 2938 εἰς
741 2867 885 2951 ὑπο[ψθαν
908 2869 1114 2942 καταστήσετε
1138 2869 1205 2943 ὑμῖν
1229 2868 1252 2930 δ’

163 2976 310 3055 αἴσχιστα
332 2975 539 3052 βουλεύσεσθε·
564 2977 614 3038 {aa
637 2976 666 3039 δὲ
688 2976 850 3049 τθναντθα,
874 2976 1033 3053 βοηθήσετε
1057 2975 1106 3039 καὶ
1129 2984 1188 3046 τοῖς
1211 2976 1253 3040 νθ-

162 3111 226 3163 μοις
254 3093 313 3157 τοῖς
342 3082 479 3160 κειμένοις
501 3082 551 3146 καὶ
573 3090 633 3154 τοῖς
657 3082 760 3168 ὅρκοις,
785 3079 825 3156 οἷς
847 3085 1050 3168 ὀμωμόκατε]
1088 3084 1135 3148 Of.
1159 3085 1250 3148 finem

162 3217 206 3258 or.
234 3197 273 3256 10
300 3200 331 3256 et
356 3194 407 3254 13.

206 3303 315 3386 Capita
337 3299 541 3364 accusationis
564 3299 597 3363 in
621 3300 758 3364 oratione
778 3321 841 3363 non
857 3299 970 3389 diserte
984 3299 1179 3377 indicantur,
1195 3324 1252 3366 nec

163 3411 200 3474 de
223 3433 274 3475 reo
298 3409 468 3495 quidquam
492 3415 634 3492 apparet,
658 3409 718 3472 nisi
741 3409 835 3472 fuisse
858 3411 955 3473 civem
973 3410 1106 3488 bonum,
1125 3412 1178 3494 qui
1194 3411 1251 3474 sub

162 3521 291 3605 triginta
321 3519 393 3582 viris
416 3517 523 3581 urbem
547 3539 609 3580 non
632 3517 808 3601 reliquisset
815 3543 825 3594 3
849 3539 950 3600 neque
973 3519 1058 3582 aliud
1082 3519 1252 3604 quidquam

162 3631 191 3693 ei
214 3629 369 3692 obiectum
393 3629 487 3691 fuisse
510 3627 650 3704 videtur,
675 3649 766 3711 quam
791 3628 875 3710 quod
898 3650 960 3692 non
984 3629 1094 3694 fuisset
1117 3652 1185 3693 acer
1200 3653 1252 3715 po·

163 3739 279 3825 pularis
308 3739 465 3822 regiminis
488 3745 717 3821 propugnator,
742 3737 898 3801 nullarum
921 3739 1024 3822 potius
1048 3740 1182 3823 partium
1206 3740 1252 3803 vir

162 3870 254 3931 quam
285 3847 425 3911 turbator
456 3847 599 3911 civitatis.
647 3845 757 3930 Itaque
788 3848 987 3932 conqueritur
1010 3848 1048 3911 do
1071 3849 1252 3912 accusatori·

162 3956 238 4033 bus,
271 3955 326 4038 qui
357 3954 488 4039 speciem
519 3955 670 4018 libertatis
694 3955 902 4020 defendendae
925 3979 997 4040 prae
1020 3979 1052 4020 se
1075 3959 1189 4034 ferant,
1214 3964 1251 4019 ut

162 4064 335 4128 insontibus
364 4086 496 4149 quorum
526 4065 614 4129 bonis
643 4064 812 4142 ditescant,
837 4067 1062 4129 accusationem
1084 4066 1248 4130 intentent.

163 4172 269 4252 Quum
298 4182 418 4251 tamen,
451 4174 534 4256 quod
564 4175 597 4236 in
627 4174 704 4238 urbe
727 4175 921 4237 remansisset
944 4173 1002 4238 sub
1026 4162 1155 4258 triginta
1177 4174 1250 4267 viris

165 4284 214 4346 vix
237 4284 319 4347 iusta
341 4283 493 4348 accusatio
517 4283 579 4346 dici
602 4284 717 4368 possit,
742 4291 830 4347 acute
854 4284 986 4347 coniecit
1012 4283 1248 4346 Raucheustein.
