2850 5024
661 362 701 424 37

135 565 180 621 est
213 559 243 623 in
274 559 390 624 verbis:
422 560 453 624 ‘ri
475 559 500 623 δ’
523 558 560 624 ἄν
580 560 646 624 ποτ’
668 562 790 638 ἔπαθον,
814 563 838 625 εἱ
860 563 1004 628 τάναντία
1026 569 1082 629 τῶν
1106 571 1153 628 νῦν
1175 589 1226 647 γε,-

134 672 298 749 γεννμένων
321 669 370 754 ἦν,
395 674 418 736 εἰ
444 673 568 743 πολλοὺς
592 673 668 752 ἔχων
691 679 746 736 τῶν
770 673 934 748 ἐπιτηδείων
953 675 1029 757 ἐγώ,
1045 677 1222 749 ἀπαντήσας

135 781 257 862 Σίμωνι,
280 784 440 863 ἐμαχόμην
463 785 543 864 αὐτῷ
567 784 616 847 eal
641 783 762 848 ἔτυπτον
786 785 882 850 αὐτόν.
929 785 1016 850 Tolle
1040 788 1100 850 ista
1123 785 1154 861 ἦν
1177 789 1219 864 εἰ,

133 902 165 955 et
199 917 254 979 pro
284 895 408 960 insolita
439 906 469 960 ct
502 896 580 960 dura
611 897 839 961 constructione
869 898 1003 963 Atticam
1037 899 1162 964 habebis
1190 906 1221 963 et

132 1003 315 1089 elegantem.

398 1247 440 1291 1v.
476 1256 537 1292 nuri
556 1257 725 1295 rearmaroa
745 1256 780 1293 eu
795 1256 944 1293 nrouorsa.
1029 1278 1033 1290 .

175 1458 281 1545 Oratio
305 1461 342 1525 de
365 1457 500 1526 Vulnere
524 1462 749 1526 Praemeditato
773 1461 842 1546 (IV)
864 1471 927 1524 tam
947 1462 1054 1526 misere
1071 1469 1216 1550 temporis

128 1572 242 1636 iniuria
273 1582 320 1637 est
350 1574 472 1653 affecta,
506 1582 536 1639 et
568 1577 600 1639 in
628 1583 691 1638 tam
719 1575 779 1639 levi
802 1582 939 1638 versatur
962 1582 1157 1658 argumento,
1182 1586 1218 1640 ut

128 1706 251 1769 operam
281 1686 343 1749 fere
374 1688 499 1773 perdere
530 1686 702 1764 videretur,
727 1686 781 1775 qui
803 1686 936 1749 multum
959 1686 992 1749 in
1016 1708 1051 1748 ea
1073 1689 1216 1772 temporis

127 1796 313 1875 insumeret,
344 1798 405 1861 nisi
436 1821 472 1862 ex
503 1821 538 1862 ea
570 1806 716 1884 tanquam
747 1798 930 1861 documento
958 1806 1128 1881 appareret,
1155 1822 1216 1884 quo

125 1908 218 1971 modo
248 1907 359 1993 Lysiae
387 1909 537 1972 orationes
567 1908 605 1971 ad
636 1915 740 1972 nostra
773 1915 909 1992 tempora
936 1916 1119 1991 propagatae
1143 1911 1214 1974 sint.

125 2019 257 2085 Lacerae
286 2028 359 2084 sunt
382 2019 501 2104 aliquot
524 2028 641 2105 partes,
667 2042 744 2104 quae
767 2026 830 2082 tam
853 2018 968 2082 babent
990 2017 1144 2083 difficilem
1168 2044 1216 2084 ex-

125 2132 338 2217 plicationem,
359 2139 394 2195 ut
411 2131 541 2196 subinde
557 2132 713 2196 columnas
729 2131 921 2194 voluminum
938 2130 1213 2196 Herculanensium

124 2242 184 2307 tibi
217 2243 399 2328 perlustrare
429 2243 569 2306 videaris.
616 2242 719 2322 Quare
751 2241 893 2327 equidem
921 2250 997 2326 puto
1021 2243 1053 2304 in
1077 2265 1112 2306 eo
1134 2243 1213 2307 libro

125 2378 162 2419 ex
194 2377 255 2438 quo
278 2355 436 2419 Palatinus
459 2379 513 2440 per
536 2356 705 2420 multorum
729 2355 856 2418 fortasse
880 2353 1029 2418 librorum
1052 2339 1214 2419 successio·

123 2488 196 2530 nem
218 2464 356 2545 fluxerit,
382 2474 498 2551 partem
521 2466 613 2530 huius
636 2467 783 2530 orationis
807 2465 966 2529 evanidam
989 2465 1100 2544 fnisse,
1125 2466 1213 2531 libra·

123 2577 206 2639 rium
236 2584 337 2640 autem
368 2577 433 2640 sine
463 2586 535 2640 nota
563 2577 701 2641 omisisse
725 2599 802 2662 quae
826 2577 967 2641 deessent
990 2584 1044 2640 aut
1066 2577 1127 2662 legi
1151 2601 1213 2643 non

122 2695 265 2772 possent,
298 2688 393 2751 alium
425 2710 459 2751 ea
486 2711 563 2773 quae
587 2689 629 2752 sic
653 2687 780 2752 obscura
803 2689 883 2753 facta
907 2695 1006 2753 essent
1030 2711 1067 2752 ex
1088 2690 1212 2774 ingenio

121 2798 321 2884 supplevisse.
367 2798 448 2863 Nam
479 2799 589 2884 Lysiae
617 2800 691 2864 haec
715 2800 917 2865 abiudicanda
941 2823 1005 2864 esse
1029 2823 1091 2865 non
1114 2803 1212 2865 ausim

121 2919 272 2989 statuere;
297 2912 330 2975 in
354 2934 414 2996 quo
439 2912 690 2997 cum'Taylorum
708 2934 797 2976 nemo
814 2935 939 2976 assensu
955 2913 1209 2997 comprobaverit,

119 3044 185 3087 non
208 3020 290 3108 opus¹
307 3029 353 3087 est
376 3033 411 3087 ut
433 3024 532 3088 multa
556 3023 672 3102 dicam,
698 3047 767 3088 cum
790 3024 967 3108 praesertim
982 3024 1131 3108 Taylorus
1146 3049 1209 3091 non

120 3133 183 3197 alio
206 3142 384 3218 argumento
408 3135 448 3199 sit
470 3158 561 3214 usus,
586 3158 678 3221 quam
702 3136 785 3220 quod
808 3142 887 3199 esset
910 3135 1208 3213 „declamatiuncula

120 3245 155 3308 in
178 3244 285 3310 umbra
307 3245 428 3310 scholae
450 3247 692 3325 μεμελετημένν,
718 3246 755 3309 ad
779 3247 943 3331 imaginem
966 3248 1129 3331 superioris
1146 3270 1209 3311 ora-

120 3356 215 3421 tionis
238 3357 407 3437 elaborata,
433 3361 483 3422 cui
502 3359 611 3423 deinde
629 3359 667 3423 ob
684 3360 856 3445 argumenti
872 3359 1053 3423 affinitatem
1068 3360 1101 3423 in
1117 3361 1209 3445 scrip-

119 3469 162 3531 tis
186 3467 273 3532 codd.
297 3478 445 3554 perpetuo
469 3470 686 3534 adhaesisset.''
721 3469 861 3534 Colorem
885 3470 1031 3534 orationis
1046 3469 1207 3554 Lysiacum

27 3584 30 3589 '
119 3579 219 3643 visum
250 3602 313 3643 esse
343 3580 468 3664 reliquis
499 3581 734 3667 interpretibus,
759 3582 903 3666 quoniam
927 3603 1015 3645 nemo
1039 3589 1147 3665 postea
1170 3583 1207 3646 de

118 3696 243 3754 auctore
266 3690 433 3770 dubitavit,
458 3692 620 3756 verisimile
643 3699 705 3769 est;
729 3714 799 3756 narn
816 3692 853 3755 de
869 3698 1116 3776 argumentorum
1132 3701 1207 3758 trac-

116 3801 234 3865 tatione
257 3810 288 3865 et
310 3803 444 3867 efficacia
466 3804 499 3867 in
524 3804 580 3868 hac
604 3804 819 3889 depravatione
842 3824 904 3865 non
922 3803 996 3866 satis
1011 3812 1113 3887 potest
1127 3805 1206 3869 iudi-

116 3911 196 3989 cari3
229 3919 259 3976 et
290 3913 459 3977 cavendum
490 3923 551 3992 est,
584 3938 641 3994 ne,
666 3917 692 3980 si
715 3916 792 3979 forte
816 3913 977 3999 subinepta
1000 3915 1149 3998 quaedam
1173 3941 1204 3981 se

115 4025 224 4090 offerre
247 4026 425 4105 videantur,
449 4034 561 4092 temere
585 4028 732 4091 continuo
747 4026 878 4112 Lysiam
901 4032 1055 4090 auctorem
1075 4050 1139 4091 esse
1155 4051 1204 4092 ne-

114 4160 233 4222 gemus.
280 4137 326 4200 Ea
349 4146 393 4201 est
418 4139 499 4202 enim
522 4139 691 4231 proprietas
715 4139 778 4201 stili
801 4137 939 4222 Lysiaci,
971 4144 1007 4199 ut
1030 4137 1204 4223 simplicita-

113 4240 180 4313 teni
208 4250 241 4312 in
269 4250 455 4335 argumentis
479 4249 598 4314 affectet
622 4272 718 4334 eoque
741 4249 871 4314 subinde
895 4249 1019 4335 puerilis
1043 4251 1139 4334 possit
1161 4253 1202 4315 vi·

113 4361 199 4440 deri;
231 4362 285 4425 sed
314 4361 368 4426 illa
398 4360 576 4447 simplicitas
607 4385 645 4426 an
675 4361 852 4440 „tenuitas”
875 4361 1021 4425 insidiose
1044 4384 1200 4430 assensum
1258 4386 1264 4406 ·
