2850 5024
692 366 731 426 25

169 566 302 629 novisset
325 566 478 629 orationes
502 565 611 650 Lysiae
635 567 707 629 etin
730 565 903 629 universum
925 565 1065 628 meliores
1082 588 1173 648 quam
1189 588 1254 628 nos.

215 676 286 741 Non
311 679 409 741 maius
433 678 598 742 discrimen
623 686 667 741 est
691 678 770 743 inter
793 686 947 741 auctorem
968 677 1081 762 dialogi
1097 677 1135 740 de
1151 676 1258 740 Orato-

168 789 253 851 ribus
278 799 308 853 et
330 789 488 867 Tacitum,
513 812 605 873 quam
628 789 708 852 inter
731 789 785 852 has
809 811 885 872 quas
909 789 1036 874 legimus
1061 789 1211 852 orationes
1228 795 1258 850 ct

166 899 326 964 Eroticum
350 903 382 965 in
406 902 544 965 Platonis
568 901 724 978 Phaedro,
750 923 840 984 quem
865 908 937 964 sunt
960 901 1013 984 qui
1035 900 1145 984 Lysiae
1160 901 1257 984 ipsius

169 1035 235 1075 esse
258 1021 377 1097 putent.
425 1013 484 1077 Sed
509 1022 657 1077 oratorem
683 1023 753 1077 ante
778 1013 967 1091 anarchiam,
992 1036 1088 1097 quum
1111 1013 1142 1076 in
1167 1012 1257 1076 Italia

168 1131 305 1187 versatus
336 1135 366 1188 et
394 1125 524 1189 Athenis
556 1125 706 1189 orationes
739 1125 881 1188 iuridicas
912 1125 979 1188 aliis
1003 1147 1064 1188 uon
1095 1124 1255 1200 scriberet,

168 1235 224 1299 sed
251 1236 455 1320 sophistarum
481 1243 579 1300 eastra
602 1246 796 1319 sequeretur,
822 1236 911 1320 longe
936 1235 1025 1298 aliam
1050 1235 1255 1318 eloquentiam

166 1346 315 1424 coluisse,
340 1369 431 1430 quam
455 1354 576 1430 postea,
602 1369 655 1432 per
678 1370 709 1410 se
733 1332 888 1431 probabile
905 1354 949 1410 est
965 1354 994 1409 et
1014 1355 1159 1410 testatum
1177 1347 1257 1409 iuve-

166 1459 270 1521 nimus
294 1481 311 1520 a
333 1458 554 1542 Theophrasto.
602 1457 661 1522 Sed
685 1458 865 1522 iuvenilium
890 1458 1083 1522 conaminum
1102 1458 1256 1521 innostra

167 1570 285 1654 sylloge
315 1593 411 1634 unum
441 1571 569 1634 fortasse
592 1570 806 1634 tantummodo
829 1578 927 1633 exstat
951 1571 1102 1655 specimen
1127 1571 1180 1653 (or.
1207 1573 1254 1653 8),

166 1689 200 1744 et
230 1682 394 1767 Dionysius
425 1705 461 1745 ex
493 1704 528 1745 ea
558 1689 656 1745 aetate
680 1682 758 1745 nihil
780 1689 890 1746 notatu
914 1681 1043 1767 dignum
1066 1682 1203 1766 putavit,
1229 1682 1255 1744 si

164 1792 259 1856 modo
290 1793 406 1877 aliquid
434 1795 559 1879 legerit3
589 1802 786 1858 memorasset
816 1794 923 1879 procul
954 1793 1048 1858 dnbio
1076 1794 1149 1857 vitia
1171 1793 1254 1856 illius

166 1905 349 1988 antiquioris
377 1907 511 1971 rationis.
560 1905 713 1985 Quocirca
736 1906 773 1970 dc
797 1929 832 1970 ea
856 1907 1063 1991 prioreparte
1088 1905 1254 1989 disputatio

165 2015 333 2079 admodum
356 2016 472 2080 incerto
495 2017 621 2080 tibicine
643 2017 762 2081 nititur.
803 2016 869 2080 Nos
893 2017 1016 2100 quidem
1036 2016 1255 2102 inpraesentia

163 2127 222 2190 illa
237 2126 448 2209 disquisitione
464 2127 556 2191 missa
572 2149 769 2211 properamus
787 2127 824 2190 ad
841 2127 992 2191 orationes
1008 2128 1096 2191 nobis
1113 2135 1253 2209 servatas

241 2834 284 2898 II.
333 2833 568 2898 ANNOTATA
599 2835 656 2900 AD
688 2835 899 2899 SINGULAS
930 2835 1179 2901 oanrlonns.

355 3055 376 3097 Ι.
403 3064 474 3101 rna?
496 3065 550 3102 TOT
572 3065 790 3104 ΕΡΑΤΟΣΘΕΝΟΤΣ
811 3066 903 3103 ΦΟΝΟΤ
917 3067 1066 3104 ΑΠΟΛΟΓΙΑ.

212 3244 435 3329 Perspicuitate
465 3257 495 3311 et
527 3249 678 3313 evidentia
702 3251 884 3314 narrationis
909 3274 970 3314 una
994 3251 1025 3315 in
1050 3250 1154 3336 paucis
1181 3252 1253 3314 haec

163 3356 264 3420 oratio
296 3358 433 3437 excellit3
463 3382 518 3424 nec
549 3360 637 3424 facile
668 3363 737 3444 quis
768 3362 905 3441 dubitet,
939 3363 1012 3446 quin
1037 3385 1180 3448 germana
1203 3363 1251 3426 sit

163 3466 269 3531 Pauca
302 3471 396 3554 igitur
420 3479 491 3534 sunt
515 3480 569 3536 aut
592 3472 791 3551 illustranda,
817 3481 870 3537 aut
893 3473 1099 3552 defendenda,
1125 3484 1178 3537 aut
1202 3474 1254 3537 de·

162 3579 260 3662 nique
283 3580 480 3645 emendanda.

209 3691 226 3774 q
250 3693 279 3753 9.
312 3698 420 3771 πρῶτον
451 3695 504 3769 μὲν
527 3691 572 3758 οὖν
596 3734 639 3742 -
663 3696 770 3760 νὶιιίδιόν
794 3697 858 3760 ἐστι’
881 3721 929 3774 μοι
953 3697 1085 3770 διπλοῦν,
1109 3699 1160 3762 loa
1184 3696 1251 3776 ἔχιν

161 3803 205 3866 τὰ
228 3800 285 3866 ἄνω
307 3811 380 3874 τοῖς
403 3805 498 3879 κάτω,
522 3807 620 3871 ιιιιτὲι
643 3809 694 3882 τὴν
713 3817 972 3885 γυναικωνῖτιν
993 3809 1054 3872 κιιὶ
1074 3810 1171 3873 rard
1189 3809 1252 3880 aba

161 3911 375 3988 ἀνδρωνῖτιν.
422 3914 491 3980 Nisi
522 3926 674 4002 postrema
705 3921 797 3984 verba
827 3943 918 3983 sensu
949 3943 1034 3983 cassa
1065 3943 1128 3984 esse
1159 3920 1249 3997 velis,

163 4025 362 4089 statuendum
387 4038 448 4105 est,
473 4039 535 4093 tam
559 4017 694 4096 vireium
718 4055 810 4117 quam
826 4033 990 4097 mulierum
1006 4033 1148 4096 conclave
1165 4031 1250 4094 binas

162 4135 307 4200 habuisse
338 4139 580 4223 contignationes
588 4168 597 4218 3
628 4166 724 4226 quum
754 4143 829 4208 dicit
852 4145 948 4208 κιιτιὶ
971 4169 999 4209 r.
1023 4167 1055 4219 ν.
1080 4142 1129 4205 uel
1154 4144 1251 4206 κντιὶ

162 4273 189 4310 τ.
214 4248 245 4312 νί.
270 4247 421 4331 signifieat
444 4251 475 4314 in
500 4275 621 4336 quaque
645 4262 729 4338 parte
753 4255 846 4318 fuisse
870 4256 1000 4334 ὑπερῷον.
1024 4253 1159 4317 'Solebat
1174 4276 1251 4317 uxor
1277 4290 1280 4295 ·

162 4358 195 4421 in
212 4359 452 4443 gynaeconitidis
469 4364 623 4448 superiore
639 4366 866 4450 contignatione
883 4375 1075 4451 pernoctare;
1092 4375 1163 4429 nato
1180 4388 1249 4428 vero
