2850 5024
684 386 727 429 vu

163 612 299 696 plerique
330 611 544 695 aequiescunt,
578 607 635 670 sub
665 629 789 669 examen
821 627 928 668 vocare
957 605 1081 689 placuit.
1129 606 1166 669 ln
1191 629 1253 690 quo

163 774 259 836 quum
285 750 413 814 eruditis
437 747 616 823 scriberem,
641 769 702 809 non
727 746 764 808 de
788 745 842 821 iis,
861 766 939 828 (quae
956 746 1030 809 satis
1046 754 1120 808 nota
1136 754 1251 824 esseut,

162 890 331 974 disceptare
354 888 456 964 volui,
481 887 532 950 sed
558 884 705 971 quaedam
732 885 919 948 exstantiam
941 883 1126 948 lineamenta
1150 885 1255 950 adum-

163 1029 268 1105 brare,
301 1034 336 1090 ut
368 1034 520 1109 quatenus
553 1025 618 1088 eius
649 1023 792 1087 laudibus
824 1023 977 1087 orationes
1008 1023 1096 1088 nobis
1120 1033 1255 1089 servatae

164 1164 399 1250 responderent,
432 1174 590 1249 appareret
597 1190 606 1240 ;
640 1172 706 1228 tum
735 1163 760 1226 si
785 1184 862 1246 quae
886 1169 973 1225 tauto
998 1164 1159 1246 praeconio
1183 1164 1256 1229 iul·

166 1303 259 1366 riores
283 1325 347 1366 esse
372 1301 564 1378 viderentur,
589 1301 794 1384 exquirerem,
813 1308 950 1363 utrorum
968 1310 1047 1363 esset
1066 1302 1174 1386 culpa,
1192 1326 1256 1367 ora-

165 1442 280 1503 torisne
311 1441 407 1524 ipsius
439 1462 477 1503 an
507 1438 772 1515 vicissitudinum,
798 1460 874 1523 quas
898 1459 933 1501 eo
957 1446 1079 1501 mortuo
1103 1442 1255 1505 orationes

166 1586 308 1664 expertae
332 1585 441 1642 esseut.

212 1714 285 1778 Non
307 1715 384 1778 mibi
407 1714 570 1799 proposui,
595 1736 652 1777 nec
675 1722 778 1777 tamen
802 1714 916 1777 veritus
941 1737 1008 1777 sum
1033 1715 1142 1799 Lysiae
1158 1717 1257 1781 detra·

170 1854 240 1918 bere
274 1853 477 1930 „haerentem
500 1852 593 1936 capiti
615 1851 714 1914 multa
738 1873 808 1914 cum
832 1850 923 1914 laude
948 1853 1130 1928 coronam;”
1155 1855 1259 1939 itaque

169 1991 262 2056 libere
294 1991 357 2054 dixi
389 2014 465 2076 quae
498 1990 572 2054 milri
604 1989 805 2075 improbanda
828 1989 1014 2056 viderentur.
1052 1991 1259 2056 Veruntamen

170 2138 256 2191 eraut
279 2127 429 2212 quaedam
453 2127 621 2204 eiusmodi,
646 2136 767 2191 utnon
791 2139 916 2210 possent
939 2127 996 2191 ulli
1020 2131 1150 2207 oratori,
1172 2133 1261 2194 cuius

171 2265 296 2348 aliquod
328 2287 438 2328 nomen
469 2265 593 2342 fuisset,
624 2265 739 2328 nedum
773 2263 883 2348 Lysiae
918 2265 1067 2342 adscribi3
1100 2278 1130 2331 et
1160 2277 1261 2333 tamen

173 2404 248 2467 baec
279 2404 515 2468 inveniebantur
537 2403 569 2466 in
594 2403 802 2481 orationibus,
829 2426 908 2487 quae
932 2406 1110 2490 ceteroquin
1138 2407 1263 2472 formam

174 2547 295 2632 Lysiaci
319 2547 436 2632 ingenii
460 2546 517 2610 sibi
535 2547 621 2629 quasi
638 2546 815 2631 impressam
834 2546 1004 2624 habebant3
1023 2556 1053 2611 et
1069 2556 1155 2613 eraut
1170 2551 1264 2629 talia,

172 2706 249 2769 quae
273 2707 310 2748 ex
334 2683 574 2748 describent-ium
597 2706 697 2748 errore
721 2684 771 2746 vix
795 2684 940 2767 explicari
965 2707 1054 2769 posse
1074 2686 1261 2755 viderentur.

172 2820 264 2884 Unde
287 2842 432 2904 apparere
456 2820 620 2905 putabam,
645 2820 752 2885 multis
776 2820 913 2898 casibus,
939 2823 1034 2886 veluti
1058 2835 1112 2888 aut
1135 2827 1268 2912 interpo-

174 2957 283 3021 lationi
314 2964 369 3021 adt
400 2956 557 3021 amissioni
589 2958 644 3020 has
675 2958 829 3020 orationes
862 2959 1013 3042 expositas
1043 2961 1155 3040 fuisse,
1184 2974 1267 3029 ante-

175 3118 264 3179 quam
300 3095 446 3171 formam,
480 3116 541 3179 qua
575 3093 668 3157 hodie
696 3094 855 3173 feruntur,
887 3096 1071 3163 induissent.
1119 3101 1265 3186 Legimus

174 3233 293 3318 aliquot
316 3254 371 3317 pro
395 3232 539 3316 integris,
564 3254 660 3316 quae,
687 3255 784 3316 quum
807 3233 956 3299 breviaria
972 3244 1093 3302 tantum
1110 3241 1184 3318 sint,
1202 3263 1265 3306 non

174 3374 234 3437 nisi
258 3371 397 3436 umbram
420 3370 536 3455 ingenii
559 3370 681 3455 Lysiaci
704 3371 827 3436 habent.
863 3373 957 3453 Quod
974 3398 1048 3440 num
1065 3377 1265 3463 probabiliter

174 3509 360 3575 ostenderim
384 3530 475 3592 penes
499 3506 682 3572 benevolum
705 3509 852 3574 lectorem
874 3512 1024 3578 iudicium
1048 3524 1122 3580 esto.

221 3647 501 3711 Commentationes
533 3644 590 3709 hae
618 3645 679 3709 iam
708 3648 799 3712 initio
823 3649 917 3714 huius
941 3654 1014 3717 anni
1038 3654 1076 3717 ad
1101 3655 1265 3720 editionem

176 3793 316 3871 paratae,
348 3792 478 3892 exynnte
510 3806 614 3848 mense
641 3784 734 3850 Iunio
758 3789 842 3872 prelo
866 3791 1019 3858 subiectae
1043 3803 1132 3873 sunt;
1157 3818 1266 3860 eorum

175 3927 272 4011 igitur
294 3946 373 4009 quae
397 3924 455 3988 hoc
480 3946 559 3988 anno
583 3923 621 3989 de
644 3924 737 4010 Lysia
760 3928 956 4011 prodierunt,
981 3934 1131 3998 rationem
1155 3935 1267 4001 babere

176 4085 238 4128 non
264 4062 353 4147 potui
378 4059 644 4145 („Westermann,
669 4062 895 4142 Quaestionum
919 4067 1115 4153 Lysiacarum
1138 4096 1208 4156 pars
1228 4074 1269 4137 al-

175 4201 277 4278 tera,’'
306 4222 498 4285 programma
527 4199 688 4284 Lipsiense
720 4203 811 4267 huius
835 4208 925 4285 au11i;
953 4207 1193 4290 Raucbenstein,
1219 4212 1266 4276 ed.
