2850 5024
636 390 696 450 133

115 588 214 674 Apud
235 589 359 675 Lysiam
383 593 399 674 q
424 592 442 652 2
468 613 521 676 per
544 592 598 667 μὲν
621 587 666 654 οὖν
688 591 773 673 quasi
798 589 836 652 ad
856 612 966 653 novam
982 613 1046 653 rem
1063 591 1210 654 transitus

36 733 39 737 ¹
114 702 172 778 fit,
198 701 335 786 quamvis
359 701 450 786 paulo
474 709 542 785 post
567 703 630 783 (riae
653 701 676 763 δ’
700 701 771 775 ἐμὴν
793 701 925 778 οὶπειρίοιο
945 703 1211 784 ytyvctcaoocetre·

116 813 192 876 deat
222 813 260 877 ad
290 813 323 877 id
352 812 435 898 quod
465 814 525 876 iam
555 813 776 898 significaverat
807 815 834 896 (q
859 815 875 874 1
901 813 924 876 ei
957 813 1004 876 aa}
1034 814 1075 891 μὴ
1099 814 1210 899 δεινος);

116 925 229 1010 Lysias
253 925 383 990 alterum
406 925 590 1001 membrum,
616 932 650 987 ut
674 923 841 988 identidem
864 924 1015 988 hominem
1036 925 1211 1010 imperitum

118 1037 242 1103 dicendi
285 1037 479 1113 ostenderet,
523 1035 651 1100 addidit.
700 1035 793 1119 Apud
830 1034 1018 1099 Andocidem
1054 1034 1112 1098 hoc
1146 1036 1212 1098 iure

118 1149 206 1213 deest
213 1176 222 1226 3
247 1172 325 1233 quae
348 1157 450 1212 autem
473 1148 619 1212 dicuntur
643 1147 679 1211 de
693 1146 940 1237 *adversariorum
960 1145 1031 1209 odio
1049 1147 1213 1231 superioris

118 1260 266 1344 temporis
288 1261 443 1324 mentione
467 1260 722 1345 comprobantur5
746 1266 781 1322 ut
807 1260 832 1321 si
856 1259 896 1321 sit
920 1257 1095 1342 eligendum
1112 1260 1213 1322 utrius

120 1371 213 1434 verba
243 1371 305 1434 sint
335 1371 402 1434 loco
426 1371 580 1433 communi
603 1370 765 1448 similiora,
790 1368 898 1454 Lysiae
923 1369 1059 1454 profecto
1084 1369 1214 1434 dicenda

120 1485 193 1547 siut.
241 1484 334 1568 Apud
363 1483 485 1568 Lysiam
515 1491 678 1570 postquam
702 1493 803 1546 orator
827 1482 955 1567 petivit,
982 1492 1017 1544 ut
1041 1485 1142 1546 codem
1165 1483 1214 1547 be·

120 1595 294 1661 nevolentia
325 1619 356 1658 sc
389 1603 479 1679 atque
512 1595 697 1660 adversarios
730 1596 887 1670 audirent,
919 1593 1009 1678 paulo
1042 1602 1110 1677 post
1132 1593 1213 1657 idem

120 1730 254 1793 aequmn
286 1730 349 1771 esse
380 1708 454 1771 dicit
478 1707 593 1771 iudices
618 1707 727 1771 εὔοοιον
751 1707 842 1770 πλείω
866 1706 945 1785 ἔχειν
970 1712 1029 1776 τοῖς
1053 1706 1213 1782 ἀπολογου-

120 1821 234 1897 μένοις,
267 1819 365 1902 qualis
397 1819 601 1904 discrepantia
633 1819 715 1903 apud
745 1817 935 1882 Andocidem
965 1840 1027 1881 non
1050 1816 1216 1900 deprehen·

121 1931 216 1995 ditur.
264 1931 375 2015 Aptius
408 1930 582 1994 Andocides
605 1934 621 2015 q
647 1933 662 1995 7
688 1930 751 1995 c‘o‘cd'
775 1932 853 2006 ὑμᾶς
874 1929 949 1992 πολὺ
970 1927 1005 1993 ἂν
1023 1928 1215 2004 aidica—ua-

80 2064 103 2105 s
120 2043 333 2124 τηγοροομένωο
366 2065 456 2126 quam
487 2042 594 2127 Lysias
624 2045 641 2127 q
669 2046 707 2104 A:
739 2041 803 2106 ὥσθ’
832 2041 901 2120 ὑπὲρ
924 2080 969 2088 -
992 2042 1127 2104 casalata
1151 2040 1215 2124 (ὑφ’

120 2156 259 2220 ἁπάντων
283 2161 339 2219 τῶν
362 2156 603 2236 παραγενομένων
635 2155 774 2218 Dobreus
802 2165 832 2217 et
857 2154 1052 2237 Westerm.),
1078 2175 1155 2236 quae
1179 2153 1216 2217 de

118 2268 227 2331 multis
259 2267 327 2331 aliis
360 2290 452 2352 quam
483 2267 520 2330 de
554 2266 668 2330 iudicio
700 2266 760 2329 dici
784 2272 924 2350 possunt.
970 2264 1100 2348 Reliqua
1121 2265 1218 2328 mino·

120 2380 163 2442 ris
193 2381 340 2442 momenti
373 2387 462 2457 sunt,
499 2379 676 2462 diligentior
707 2400 779 2441 sane
811 2376 964 2462 oppositio
997 2384 1042 2440 est
1064 2376 1144 2439 inter
1165 2377 1217 2450 τὴν

120 2494 297 2572 κιοτηγορίιιο
329 2494 498 2565 ἕιιοιὴοοιιτο
530 2499 559 2554 et
582 2493 633 2564 τὴν
658 2493 824 2567 auraque
848 2495 984 2568 ποιοῦμοιι
1009 2487 1091 2572 apud
1115 2486 1218 2550 Ando-

123 2604 222 2668 cidem
254 2627 347 2689 quam
377 2606 457 2668 inter
484 2629 512 2670 τ.
544 2629 571 2670 κ.
596 2607 642 2668 ἐπ.
668 2613 698 2666 et
721 2602 922 2683 ἀγωνιζόμεθα
946 2601 998 2665 sed
1022 2601 1096 2664 haec
1119 2599 1216 2662 nihilo

124 2717 272 2793 deteri0r3
306 2724 335 2779 et
363 2716 446 2799 quod
476 2716 650 2779 Andocides
676 2715 735 2778 alia
758 2714 889 2797 quadam
912 2713 1029 2798 periodi
1052 2712 1218 2776 conforma·

124 2829 208 2892 tione
236 2829 486 2914 ψευδομοιρτοριῶο
515 2827 601 2891 addit
629 2838 698 2911 post
720 2827 872 2901 ἐοὶιιωοιιν,
896 2833 998 2910 potest
1021 2824 1053 2887 id
1076 2831 1112 2886 ut
1135 2822 1216 2907 apud

124 2939 248 3023 Lysiam
280 2938 393 3003 abesse.
441 2938 499 3002 His
528 2939 623 3022 igitur
651 2938 769 3001 omissis
801 2961 835 3001 cx
859 2937 985 3021 reliquis
1009 2958 1153 3020 apparere
1176 2935 1218 2997 vi-

122 3050 213 3113 detur
236 3047 428 3112 Andocidem
452 3050 554 3134 potius
573 3048 682 3133 Lysiae
703 3049 845 3134 praeiisse
866 3071 957 3132 quam
976 3055 1099 3124 contra;
1116 3068 1216 3129 neque

123 3183 161 3225 ex
186 3160 339 3224 communi
362 3161 446 3224 fonte
469 3170 635 3246 utrumque
658 3160 760 3224 locum
784 3161 907 3224 fluxisse
932 3183 967 3223 ex
992 3159 1216 3248 comparatione

123 3273 285 3355 utriusque
317 3273 444 3336 oratoris
468 3273 571 3358 colligi
595 3282 696 3358 potest
703 3301 712 3352 3
739 3297 811 3337 nam
835 3273 917 3358 apud
943 3272 1132 3346 Andocidem
1156 3293 1217 3333 sec·

123 3385 168 3447 tio
192 3386 209 3445 2
235 3407 327 3468 supra
353 3384 505 3469 descripta
525 3387 627 3468 (quam
651 3386 766 3448 omittit
788 3384 935 3470 Spengel,
959 3385 1081 3447 Artium
1098 3383 1215 3467 scriptt.

124 3519 154 3579 p.
189 3497 262 3578 106)
292 3503 323 3558 et
354 3519 389 3559 ea
413 3518 490 3580 quae
513 3498 593 3560 iuter
617 3496 694 3560 lianc
719 3505 750 3561 et
774 3497 914 3581 quintam
939 3498 1103 3560 sectionem
1126 3496 1217 3557 inter-

125 3615 282 3692 ponuntur
312 3615 374 3671 arte
405 3630 474 3671 cum
505 3632 595 3672 causa
627 3631 764 3672 connexa
787 3617 868 3672 sunt.
917 3607 1032 3691 Utique
1056 3630 1119 3670 non
1141 3605 1217 3669 mihi

125 3721 267 3783 convenit
296 3743 364 3784 cum
399 3721 488 3784 Doct.
519 3720 640 3799 Naber,
671 3724 723 3807 qui
747 3723 780 3785 in
804 3721 876 3785 diss.
903 3720 940 3784 de
963 3720 1023 3783 fide
1047 3717 1216 3782 Andocidis

124 3832 271 3895 orationis
301 3831 338 3896 de
370 3833 524 3917 Mysteriis
555 3857 584 3918 p.
617 3836 673 3899 17:
702 3835 751 3911 „si
780 3833 868 3911 alter,
902 3833 1018 3915 inquit,
1048 3832 1133 3894 locus
1157 3830 1217 3892 fuit

124 3943 214 4018 „fons
239 3944 378 4022 alterius,
403 3945 512 4030 Lysiae
536 3946 621 4010 loeus
646 3955 692 4010 est
716 3947 780 4009 sinc
804 3946 899 4009 dubio
924 3943 1110 4027 antiquior.”

170 4054 348 4140 Sequuntur
378 4060 394 4142 q
419 4060 436 4120 5
471 4059 552 4142 apud
584 4058 707 4143 Lysiam
730 4059 822 4122 ιἰκούιο
846 4058 906 4138 γὰρ
926 4056 1041 4134 ἔγωγε,
1066 4054 1115 4118 καὶ
1140 4054 1216 4125 ὑμῶν

125 4167 154 4230 δὲ
181 4169 245 4239 τοὺς
276 4170 401 4240 πολλοὺς
433 4165 512 4247 οἶμοι
538 4170 656 4250 sidicat,
685 4167 727 4235 dci
751 4169 867 4234 πάντων
891 4167 1051 4233 texuerant
1071 4169 1131 4230 ἐστι
1156 4167 1216 4229 διοι-

125 4279 218 4356 βολή.
252 4279 387 4355 ,colatura
419 4281 447 4344 δὲ
469 4282 549 4346 ’τοῦτ’
573 4281 635 4362 ἔχοι
664 4280 700 4345 ἄν
722 4307 766 4353 τις
789 4282 872 4357 ἰδεῖν,
897 4279 967 4344 ἔτιον
990 4279 1090 4343 πολλοὶ
1112 4278 1159 4341 εἰιὶ
1179 4287 1216 4358 τῇ

126 4393 202 4473 αὐτῇ
234 4390 315 4474 alula
345 4394 385 4463 εἷς
409 4394 512 4468 dativa
536 4401 736 4458 κοιτοιοτῶοιν.
757 4397 793 4465 ὠς
816 4394 875 4474 γὰρ
899 4391 945 4456 ἐπὶ
967 4391 1000 4456 τὸ
1023 4393 1097 4457 πολὺ
1121 4391 1145 4454 οἱ
1169 4415 1216 4455 τε·
