2850 5024
627 352 666 415 77

98 557 177 624 diois
196 577 289 621 oausa
305 575 457 619 accusare.
489 549 599 636 Neque
621 549 655 614 in
679 549 772 634 Agar.
796 549 863 632 (13)
886 549 903 633 b
926 549 967 611 89
992 568 1123 632 agnosco
1146 547 1191 611 in-

98 668 270 734 versionem
292 664 395 743 illam3
419 660 490 744 ὑριιοι
512 661 562 727 καί
587 661 722 735 σννίῆιιαι
746 681 808 723 non
825 665 946 723 exstant
960 659 1022 723 nisi
1037 682 1054 723 a
1070 658 1190 723 duabus

100 779 241 867 partibus
273 777 367 855 inita,
402 797 478 860 quae
509 773 689 859 pepigerant
718 773 742 836 οἱ
770 775 799 836 ἐν
827 777 956 851 Πειραιεῖ
982 772 1050 852 πρὸς
1073 773 1139 843 τοὺς
1163 771 1191 834 ἐν

100 889 187 957 άστει
211 891 238 974 (ᾧ
262 889 334 972 88),
359 909 394 951 ea
417 885 599 970 obligabant
621 885 713 948 etiam
736 883 802 955 τοὺς
825 885 853 948 ἕν
876 882 959 949 άστει
983 882 1051 964 πρὸς
1075 883 1140 955 τοὺς
1163 885 1192 947 ἑν

100 1006 236 1079 Πειραιεῖ.
278 997 361 1062 'Palis
390 998 483 1062 etiam
510 996 587 1060 ratio
615 988 716 1059 estin
740 994 897 1067 transistus
920 994 988 1076 πρός
1012 1018 1076 1059 τινα
1099 995 1116 1078 b
1139 995 1191 1058 82.

101 1110 189 1192 Quid
212 1110 274 1174 huo
296 1109 389 1174 faciat
411 1109 443 1173 in
467 1107 535 1172 Alc.
560 1105 577 1170 I
601 1108 677 1190 (lt).
704 1105 803 1186 άπρὸς
818 1104 884 1177 τοὺς
903 1104 1034 1186 πατέρας
1054 1103 1193 1179 stainba-
1224 1092 1228 1099 ⁵

99 1227 196 1306 φοράς
228 1221 416 1302 ὑπαρχούσης
447 1241 509 1284 non
540 1240 685 1303 assequor
691 1244 701 1296 ρ
732 1240 802 1282 nam
832 1216 983 1282 sententia
1011 1224 1073 1282 est:
1098 1238 1194 1300 quum

99 1342 213 1399 mutuo
236 1332 307 1397 odio
331 1333 409 1397 alter
431 1330 556 1395 alterius
579 1337 697 1416 patrem
721 1328 977 1407 insectaremur,'’
1001 1351 1080 1405 non,
1102 1335 1138 1391 ut
1153 1327 1194 1391 D.

100 1445 193 1524 vult,
216 1450 272 1510 τῶν
294 1443 425 1527 πατέρων
448 1442 516 1523 πρὸς
540 1444 700 1518 άλλνίλονς.
747 1440 785 1505 Ιιι
810 1463 902 1525 quam
925 1439 1107 1504 sententiam
1125 1438 1194 1521 quis

102 1556 371 1638 dixerit-trappa
402 1553 528 1635 ὑπάρχει
560 1556 628 1635 πρὸς
655 1555 721 1626 τοὺς
744 1552 898 1634 πατέραςί
944 1550 1003 1615 Pro
1026 1550 1097 1615 bon.
1122 1547 1193 1613 Nic.

103 1670 143 1734 fr.
168 1670 234 1755 (18)
258 1668 407 1733 6ιτοιαὺτ’
430 1664 573 1747 ἐνομίζετο
596 1666 637 1730 τά
657 1664 818 1746 ὑπάρχοντ’
841 1668 921 1746 αὑτῷ
944 1665 1012 1746 πρὸς
1035 1662 1068 1728 τὸ
1091 1663 1194 1741 ὑμέτε-

102 1804 150 1862 ρον
174 1780 280 1855 πλιῑίος
304 1773 375 1843 εἶναι
399 1776 449 1841 καί
473 1776 520 1842 διά
542 1777 607 1849 τοὺς
630 1773 781 1856 προγόνους
805 1776 855 1840 καὶ
878 1775 912 1840 δι’
929 1776 1034 1851 αὑτόν,
1058 1774 1127 1842 ὥστ’
1145 1778 1196 1842 οὑκ

103 1889 144 1957 ἄν
167 1889 230 1956 ποθ’
253 1889 351 1970 ἑτέρας
375 1889 551 1965 ἐπιθυμῆσαι
575 1888 724 1958 πολιτείας
748 1886 912 1972 significari
932 1909 1004 1951 sane
1019 1888 1116 1972 possit
1131 1894 1196 1951 tan·

103 2011 174 2066 tum
206 2022 224 2063 a
253 1999 375 2063 civitate
406 1998 454 2061 illi
477 1997 598 2076 deberi,
622 2003 708 2061 tanta
729 1997 819 2062 illum
842 2021 860 2062 a
882 1999 1004 2063 civitate
1027 1999 1194 2084 accepisse3

106 2111 163 2177 sed
187 2110 345 2196 sequentia
361 2109 386 2174 si
403 2109 540 2173 conferas
557 2117 682 2195 apparet
697 2109 788 2175 verba
803 2110 972 2195 significare
988 2109 1069 2196 quod
1085 2117 1195 2174 sonant

105 2216 262 2308 (ριεγάλοις
293 2221 438 2302 εἰσφοράς1
455 2221 644 2302 είςενιρνοχίσι
660 2247 692 2286 ιι.
714 2247 743 2286 τ.
767 2222 803 2306 ἓ.)
843 2220 950 2307 Longe
973 2223 1068 2307 igitur
1090 2221 1123 2285 in
1147 2221 1195 2285 his

107 2334 211 2400 verbis
237 2334 356 2418 (ἔχθρα,
381 2333 556 2407 διανοεῖσθαι,
581 2332 723 2415 ὑπάρχειν
747 2334 826 2418 πρίς)
851 2334 910 2399 alia
931 2336 1009 2400 ratio
1033 2342 1080 2399 est
1103 2357 1195 2419 quam

106 2449 143 2512 in
169 2447 326 2529 ἔγκλημα,
351 2444 434 2528 quod
457 2445 641 2509 vocabulum
664 2467 726 2509 non
750 2447 918 2510 necessario
942 2456 1081 2511 mutuam
1104 2446 1197 2536 actio-

106 2581 180 2623 nem
209 2557 369 2642 signifioat.
414 2558 529 2622 Tamen
560 2566 596 2621 ut
624 2558 709 2636 loco,
741 2559 822 2623 unde
853 2558 1007 2644 digressus
1031 2581 1116 2637 sum,
1141 2580 1196 2643 pro

106 2667 210 2734 Maut.
234 2671 309 2754 (16).
336 2671 376 2732 10
400 2668 530 2753 legitur:
562 2669 611 2733 καί
640 2670 709 2750 πρὸς
732 2670 798 2741 τοὺς
820 2668 929 2741 άλλοως
953 2669 1024 2735 οὑτω
1043 2670 1195 2748 βεβίωκα,

106 2778 185 2846 ὥστε
214 2779 405 2857 μηδεπώποτέ
436 2802 483 2856 ,aar
515 2779 587 2856 μηδὲ
615 2780 683 2861 πρὸς
705 2776 757 2844 ἕνα
778 2781 866 2859 μηδὲν
889 2780 1030 2859 ἔγκλημα
1052 2781 1196 2860 γενέσθαι.

107 2890 229 2956 Verum
256 2891 312 2955 illo
333 2891 401 2954 loco
425 2892 492 2970 πρὸς
516 2889 634 2954 dictum
656 2898 733 2976 puto
757 2913 829 2977 pro:
853 2898 972 2958 rabbae
995 2898 1124 2959 alieuius
1147 2897 1199 2958 bo·

105 3007 190 3088 bita,
220 3025 293 3087 erpo
322 3004 391 3087 („ut
423 3024 511 3066 namo
535 3025 681 3087 umquam
705 3002 873 3088 quidquam
896 3004 973 3069 mibi
996 3004 1194 3069 obieceritin

106 3138 166 3198 „se
189 3112 425 3196 commissum.’')
460 3113 533 3176 Tala
556 3136 626 3178 vero
651 3114 726 3198 quid
749 3115 835 3180 locus
851 3116 883 3180 in
898 3116 1119 3181 Theomnestaa
1135 3138 1197 3180 uon

109 3226 264 3304 admittit,
296 3226 328 3288 in
359 3246 420 3308 quo
452 3246 513 3288 non
545 3226 646 3310 agitur
669 3226 707 3292 da
730 3227 835 3292 officiis
859 3228 976 3292 civitati
999 3228 1196 3314 praestandis.

109 3338 217 3420 Quare
239 3336 283 3401 ibi
305 3335 467 3420 legendum
492 3344 567 3420 puto
589 3336 657 3416 πρὸς
680 3339 768 3415 ὑμῶν.
814 3338 940 3417 Haesit,
962 3340 1084 3425 opinor,
1105 3340 1199 3424 epito-

109 3456 212 3513 mator
243 3468 383 3531 quoque,
416 3446 470 3528 qui
502 3447 519 3530 b
548 3449 566 3509 8
599 3446 666 3527 πρὸς
698 3449 776 3526 ὑμᾶς
808 3451 928 3528 omisit,
954 3473 991 3514 ex
1013 3473 1074 3534 quo
1097 3459 1200 3515 tamen

109 3559 234 3628 nullum
257 3579 312 3643 pro
335 3578 403 3619 mea
426 3557 602 3621 coniectura
625 3569 839 3643 argumentum
863 3561 1046 3646 petendum,
1071 3562 1201 3625 correxit

110 3669 197 3757 quod
219 3667 409 3747 inveniebat,
432 3675 469 3731 ut
491 3668 583 3754 paulo
606 3678 675 3754 post
699 3694 735 3736 ex
746 3671 878 3736 formula
893 3675 1061 3737 constanti:
1073 3673 1199 3751 βελτίων

110 3780 166 3848 aa)
189 3782 221 3846 ἐκ
241 3779 397 3859 βελτιόνων
421 3779 469 3864 (of.
494 3782 668 3866 oppositum
691 3783 787 3855 δοῦλος
800 3785 848 3849 καί
860 3783 1021 3870 ἐκδοιίλων)
1033 3785 1091 3848 tria
1102 3791 1200 3870 poste·

112 3894 198 3958 riora
221 3890 369 3956 vocabula
391 3891 503 3955 omisit.

99 4032 103 4036 -
158 4005 176 4090 b
199 4005 250 4067 24.
298 4003 515 4080 Ἀναρινήσίντε
538 4004 562 4066 δ’
590 4002 631 4069 ὑτι
654 4004 792 4082 μεγάλην
815 4007 863 4070 καί
886 4008 979 4079 καλὴν
997 4007 1103 4081 ἐκείνων
1119 4006 1200 4086 δωρον

111 4116 195 4196 αὑτῷ
217 4112 377 4178 δεδώκατε·
402 4116 430 4177 ἕν
453 4111 471 4195 ᾖ
493 4116 537 4186 τίς
560 4118 610 4180 οὐκ
634 4115 670 4181 άν
693 4117 818 4191 ἐλεήσειε
838 4116 980 4182 Διονύσιον
1001 4143 1028 4182 κ.
1049 4142 1077 4182 τ.
1099 4120 1121 4185 ἑ.
1151 4117 1201 4181 Sia

111 4225 187 4291 libri
194 4252 203 4304 ρ
233 4223 363 4289 aditores
391 4246 446 4309 pro
470 4226 549 4308 δῶρον
573 4227 803 4292 substituerunt
824 4228 937 4309 δωρεάν.
984 4229 1134 4294 Dubitare
1158 4236 1201 4293 ta·

111 4360 185 4404 men
207 4337 279 4402 licet
302 4359 341 4400 au
364 4337 395 4400 in
419 4347 599 4405 EKEINHN
623 4341 716 4405 lateat
738 4349 892 4406 NEIKHN
909 4341 928 4405 i.
947 4364 971 4404 e.
989 4343 1074 4416 atauo.
1107 4347 1200 4424 Δῶρον
