2850 5024
648 406 728 497 2354

133 602 226 685 Gorg.
259 604 322 666 471
356 602 381 664 B
410 609 439 664 et
471 601 506 664 Ο.
538 601 635 665 Thuc.
658 600 710 663 VI.
737 604 765 666 7.
794 604 821 662 l.
846 599 939 681 Soph.
964 596 1011 659 El.
1040 596 1141 657 1302:
1166 593 1222 661 τάς

133 713 231 786 ἡδονάς
251 720 320 790 πρὸς
336 719 385 777 σοῦ
401 713 557 788 λαβοῦσα,
574 713 643 776 κούκ
655 712 731 789 ἐμάς
743 709 921 785 ε’κσησάμην.
942 706 1038 770 Arist.
1049 703 1126 767 Ach.
1137 704 1221 766 478:

132 823 271 886 σκάνδικά
291 847 338 898 μοι
362 823 425 896 δθς,
450 821 585 902 μητρόθεν
608 821 787 898 δεδεγμένος.
824 820 897 883 Hes.
922 818 1037 900 Theog.
1056 817 1138 877 ccl:
1156 813 1223 886 δῆσε

132 934 283 1013 Προμηθέα
315 935 429 1009 δεσμοῖς
452 935 607 1011 -μέσον
637 935 684 997 διά
714 931 780 998 κίον’
811 931 943 1001 ἐλάσσας
976 931 1031 1010 (=
1061 928 1225 991 transactis

126 1066 186 1127 per
208 1047 273 1128 -).
296 1046 377 1107 538;
410 1046 528 1122 ἔγκατα
551 1083 595 1094 -
617 1046 646 1108 ἐν
676 1045 737 1124 ῥινῷ
763 1043 922 1118 κατέθηκε,
946 1038 1088 1118 καλύψας
1116 1034 1223 1114 γαστρὶ

130 1153 220 1232 βοείη.
256 1158 339 1220 497:
361 1161 470 1235 πρῶτον
485 1156 509 1218 δ’
526 1154 671 1230 έξθμεσσε
686 1155 776 1229 λίθον,
792 1154 929 1230 πύματον
944 1149 1122 1215 καταπίνων.
1144 1146 1224 1209 Xeu.

131 1261 192 1325 ΟΡ.
216 1263 260 1326 ΙΙ.
286 1266 316 1327 3.
344 1266 401 1329 17ε
427 1261 506 1329 εἷσεν
529 1262 571 1329 θσι
594 1264 721 1341 βάλλειν
740 1263 830 1337 deduc
849 1259 1064 1342 άναιροομένουε
1081 1265 1148 1328 ταῖς
1167 1255 1225 1332 βά-

65 1367 68 1372 ’
130 1388 205 1444 λοις,
246 1374 330 1456 quod
362 1375 419 1437 etsi
446 1383 570 1458 propter
601 1374 751 1438 librorum
784 1372 958 1436 dissensum
992 1368 1152 1433 Dindorfio
1176 1389 1225 1428 su·

130 1494 284 1565 spectum,
310 1495 363 1567 per
387 1505 418 1546 se
441 1493 522 1549 recte
538 1485 665 1548 dictum.
700 1484 777 1547 [sce.
796 1485 825 1546 2.
844 1485 862 1544 8
879 1479 922 1546 θσι
942 1486 1035 1560 φιλών
1049 1476 1225 1554 άσεβάλετο

130 1594 286 1656 invenitur
315 1594 347 1657 in
371 1593 438 1657 loco
462 1594 527 1658 siue
550 1595 756 1657 controversia
779 1598 933 1676 corrupto.
980 1587 1039 1652 Sed
1064 1587 1153 1671 plenu
1178 1608 1226 1649 ex·

131 1702 302 1786 emplorum
324 1705 436 1768 omnic.
477 1703 548 1783 Qua
571 1704 701 1768 maxime
726 1709 825 1787 potest
848 1701 1045 1784 participium
1068 1698 1101 1760 in
1126 1696 1225 1758 activo

133 1813 257 1895 ponitur
287 1819 318 1875 et
350 1812 487 1875 subiecto
520 1812 776 1875 accommodatur.
808 1849 853 1858 -
883 1809 980 1873 Paulo
1016 1815 1085 1892 post
1117 1804 1221 1870 malim

132 1925 288 1996 ποιήσοντα
311 1944 403 2006 quam
427 1921 463 1986 θον
491 1923 672 1995 ποιήσαντα,
704 1920 787 2004 quod
817 1920 963 1983 maiorem
987 1917 1079 1980 habet
1103 1915 1223 1979 dubita-

133 2034 266 2108 tionem,
291 2054 382 2116 quam
406 2054 477 2095 cum
501 2032 560 2095 loci
584 2032 735 2095 sententie
758 2032 910 2095 convenit.

177 2144 269 2225 §tt
317 2144 341 2207 εἰ
371 2142 484 2219 μάτηρ,
514 2139 531 2215 ἣ
563 2143 680 2221 πέφυκε
704 2179 749 2189 —-
772 2143 849 2221 μίκρ’
880 2136 1066 2222 ὠφελουμένη
1097 2138 1224 2214 μεγάλα

132 2253 211 2332 ἔχειν
236 2254 369 2327 ἡγεῖσθαι
392 2289 437 2299 -
460 2251 570 2331 ἐνόμιζε
593 2258 692 2317 τοῦτον
715 2250 771 2316 κάν
794 2252 855 2316 cst
874 2251 1028 2324 τεθνεώσης
1048 2249 1144 2330 Φέρειν
1160 2248 1225 2311 ἑαν-

131 2371 200 2444 scr,
225 2364 256 2426 τέ
277 2365 336 2442 χρη
360 2364 438 2440 ὑμᾶς
462 2361 524 2440 περὶ
546 2364 635 2426 αὐτοῦ
659 2362 851 2436 διανοηθῆναις
875 2362 964 2440 Μέκρ’
988 2381 1050 2423 non
1072 2365 1118 2422 est
1134 2354 1222 2420 codd.

131 2473 238 2549 lectio,
263 2479 299 2535 ut
322 2494 357 2535 ex
382 2471 491 2535 Cobeti
515 2471 649 2535 editione
673 2471 800 2550 efficias,
818 2493 874 2535 uec
890 2471 1066 2534 coniectura
1081 2468 1222 2551 Empori,

131 2589 166 2643 ut
205 2581 281 2645 dicit
322 2581 500 2659 Scheibius,
547 2581 600 2644 sed
644 2582 759 2645 Dobrei
799 2603 855 2665 pro
893 2581 972 2657 μηδ’.
1019 2578 1107 2643 Idem
1141 2577 1227 2659 ἔχειν·

131 2690 229 2766 deiet,
260 2691 292 2753 in
324 2713 384 2773 quo
423 2713 479 2774 ego
519 2713 642 2775 quoque
681 2691 812 2768 offendi;
852 2692 955 2774 potius
983 2712 1075 2772 quam
1105 2687 1221 2766 μεγάλ’

130 2798 210 2879 ἔχειν
241 2811 395 2885 exspectes
425 2803 525 2866 πολλά
553 2800 736 2879 λαμβάνειν,
767 2802 814 2866 vel
838 2801 984 2881 δέχεσθαι.
1021 2800 1098 2863 Illae
1121 2800 1220 2880 μικραὶ

129 2911 267 2991 ὠφέλειαι
287 2933 349 2974 non
361 2919 435 2974 sunt
445 2912 610 2990 χρήματα,
624 2934 702 2995 quae
714 2911 782 2995 quis
798 2911 861 2992 ἔχει
872 2963 881 2986 ,
893 2910 1039 2994 possidet.
1064 2909 1220 2973 Fortasse:

129 3020 206 3099 μίκρ’
226 3021 430 3100 ὠφελουμένη,
453 3022 568 3098 μεγάλ’
591 3022 693 3086 ἐκεῖν’
717 3024 859 3097 ἡγεῖσθαι.
895 3021 997 3084 Pauca
1013 3021 1138 3104 quidem
1154 3043 1218 3083 esse

129 3128 183 3192 illa
206 3152 284 3212 quae
307 3131 434 3214 accipit,
460 3131 590 3213 fatetur,
616 3131 683 3208 sed,
709 3132 762 3214 qui
786 3132 851 3195 eius
876 3153 960 3194 amor
983 3140 1030 3194 est
1053 3153 1124 3214 erga
1147 3129 1221 3192 libe-

129 3263 197 3316 ros,
228 3264 339 3326 magna
369 3241 495 3306 iudicat.
542 3241 708 3326 Sequentia
737 3242 793 3308 κάν
823 3243 883 3308 άπὸ
914 3244 988 3307 τεθν.
1019 3249 1085 3323 φεμ
1113 3243 1219 3315 ἑαυτῆς

129 3357 273 3434 corrupte
304 3360 394 3428 sunt3
424 3374 494 3416 num
525 3353 620 3432 Φέρειν
650 3354 712 3417 άιιθ
741 3376 813 3424 τινος
845 3353 985 3416 absolute
1016 3352 1134 3416 dictum
1164 3373 1219 3435 pro

129 3465 262 3543 spoliare
282 3465 409 3543 aliquem
431 3461 643 3544 (Raucheust.)
667 3484 729 3525 non
754 3469 800 3525 est
816 3463 978 3525 Graecum.
1011 3452 1147 3527 Cobetus
1164 3484 1219 3545 pro

128 3570 224 3652 Φέρειν
246 3575 382 3652 άΦαιρεῖν
406 3571 500 3635 dedit.
549 3572 677 3635 Memini
701 3576 836 3652 άφαηιεῖν
859 3577 1028 3648 cccccccccc,
1049 3575 1221 3637 derceredc

129 3705 244 3746 οοιοιοοιιο
274 3688 418 3767 quadum,
449 3682 502 3745 sed
534 3705 569 3746 ec
599 3684 767 3760 sententia,
793 3707 870 3767 quce
894 3684 1042 3747 hocloco
1066 3693 1137 3768 apta
1160 3683 1217 3760 sit,

128 3793 281 3874 requiram
304 3793 509 3872 άφαιρεῑσθαι,
535 3801 565 3854 et
588 3815 626 3855 ne
642 3793 701 3855 hoc
716 3793 839 3877 quidem
855 3794 920 3856 sine
936 3794 1055 3857 obiecto
1071 3793 1215 3877 positum.

129 3900 280 3984 Equidem
301 3922 364 3964 non
380 3902 451 3964 novi
468 3902 570 3985 aptius
587 3923 692 3983 quam:
709 3902 819 3982 ένομέζε
837 3908 937 3967 τοῦτον
956 3903 1005 3965 καὶ
1024 3903 1085 3967 άπὸ
1104 3902 1219 3967 τεθνεώ-

129 4034 180 4082 σης
204 4009 306 4090 εἴργειν
329 4011 444 4084 ἑαυτῆς.
490 4010 626 4090 Νομθζειν
650 4022 685 4104 ut
708 4010 812 4076 οἴεσθαι
836 4021 867 4075 et
890 4012 988 4075 simm.
1014 4019 1059 4076 est
1076 4035 1218 4096 acquum,

130 4143 291 4202 conprcum
309 4128 429 4205 putore.
467 4121 513 4185 Of.
544 4122 660 4186 Buttm.
692 4122 764 4187 dxc.
779 4124 816 4186 V.
842 4124 880 4186 ad
904 4124 992 4188 Dem.
1016 4123 1112 4200 Mid,
1137 4124 1217 4187 Plut.

129 4229 213 4292 Prot.
239 4232 314 4293 346.
339 4231 383 4307 B,
408 4231 490 4295 Orat.
515 4235 591 4295 413.
617 4233 664 4308 D,
690 4233 767 4296 Xeu.
789 4233 871 4297 Hell.
888 4233 945 4296 IV.
964 4238 992 4298 7.
1011 4237 1049 4310 4,
1067 4233 1106 4298 V.
1122 4238 1150 4297 l.
1169 4236 1217 4296 15.

130 4339 223 4404 Hunc
248 4361 265 4402 a
288 4361 413 4428 corpore
437 4363 493 4404 suo
517 4362 617 4408 arcere
641 4341 754 4421 voluit,
780 4343 871 4406 etiam
895 4352 965 4433 post
987 4352 1126 4414 mortem.
1170 4345 1219 4414 Ad
