2850 5024
662 371 723 432 175

150 563 281 644 πράξειεν
304 572 335 628 51
359 564 451 647 paulo
475 571 544 628 ante
568 567 621 628 46.
647 569 684 626 2:
709 568 824 645 ἀπορεῖν
847 566 885 630 όιν
908 566 995 629 αὐτὸν
1018 561 1058 637 οἷς
1080 567 1147 637 τοὺς
1170 588 1237 645 κρα-

148 680 270 745 τοῦντας
304 672 527 755 ξυγκαόαιρότει
563 669 613 756 (οἷς
647 696 702 757 pro
733 672 888 754 ὁποτέροις,
919 674 1167 738 Lacedaemoniis
1198 696 1237 737 an

149 782 414 865 Atheniensibus).
453 781 546 866 Soph.
579 783 653 845 Ant.
687 785 768 846 ⁷34:
806 783 890 854 πόλις
920 784 980 863 ραρ
1004 788 1071 860 ἡμῖν
1095 783 1155 859 οἱμὲ
1178 785 1237 862 χρὴ

149 890 268 955 τόν-σειν
298 895 371 969 ἐρεῖς
403 890 480 955 Oed.
512 889 578 954 Col.
614 894 715 955 1171:
748 891 830 966 ἔξοιδ’
860 892 969 956 certer
999 889 1119 963 τῶνδ’ός
1142 891 1238 956 s’rd'o‘

151 999 325 1078 προοτότκς.
364 1000 439 1064 Eur.
470 999 539 1085 Iph.
572 1000 606 1063 T.
634 1002 714 1065 756:
747 1002 871 1077 σήμαινε
894 1001 918 1064 δ’
942 996 962 1082 ᾧ
984 1003 1043 1080 χρὴ
1066 1000 1151 1066 τάσδ’
1178 1003 1239 1064 ε’πι·

151 1109 260 1180 οτολόις
283 1109 388 1192 φέρειν.
425 1110 520 1173 Arist.
544 1110 627 1173 Plut.
654 1112 711 1172 58:
735 1109 889 1186 μανόοόνεις
910 1106 1154 1192 1οφησινεῖνοι;
1178 1108 1239 1172 Sed

150 1218 208 1281 hoc
230 1227 417 1302 postremum
440 1219 520 1283 nulli
543 1219 637 1283 dubio
654 1219 822 1284 obnoxium
839 1227 894 1283 cst.
928 1219 1092 1283 Elmsleius
1110 1219 1148 1282 ad
1164 1218 1237 1282 Eur.

151 1327 232 1391 Med.
267 1330 369 1390 1086:
402 1329 539 1412 „optime
564 1329 681 1392 Graece
706 1329 820 1392 dicitur
842 1325 906 1393 οἶδα
929 1353 980 1402 σε,
1005 1326 1034 1400 ὃς
1058 1325 1099 1405 εἴ,
1123 1334 1240 1392 comte

148 1444 237 1518 „quer
258 1444 320 1520 rr'r,
343 1438 445 1500 minus
468 1438 546 1501 bene
568 1460 640 1501 vero
663 1441 713 1502 οὐκ
736 1435 802 1502 οἶδα
822 1463 855 1501 σε
879 1437 908 1509 ὃς
932 1434 966 1502 εἶ.
1013 1437 1138 1500 Rectius
1161 1436 1239 1508 ὅστις

148 1543 211 1626 ,,εἷ,
239 1546 287 1609 vel
310 1531 469 1618 51ἱκιιιτός
492 1543 545 1610 εἶ.”
592 1546 667 1609 Tam
695 1547 838 1630 frequens
863 1554 910 1636 est
931 1545 1011 1608 illud
1033 1542 1063 1616 ός
1083 1546 1159 1626 εἰμι,
1185 1544 1240 1609 ubi

149 1678 260 1719 nomen
284 1656 413 1719 alicuius
437 1657 594 1739 quaeritur
616 1655 706 1738 (Xen.
732 1654 792 1719 ΟΡ.
810 1656 867 1719 VI.
894 1659 922 1718 1.
947 1659 1006 1731 46,
1031 1654 1119 1718 Dein.
1138 1657 1190 1718 52.
1210 1659 1239 1732 7,

149 1765 222 1827 Eur.
248 1766 317 1829 Hel.
345 1768 425 1842 818,
451 1765 544 1850 Soph.
569 1766 619 1828 Ai.
647 1769 749 1843 1259,
776 1767 830 1829 Ar.
854 1767 931 1830 Ach.
950 1768 1033 1843 442,
1050 1765 1143 1850 Soph.
1161 1764 1238 1828 Oed.

150 1871 215 1936 001.
244 1876 344 1951 1171;
370 1875 448 1937 conf.
474 1874 607 1957 Kriiger.
634 1875 672 1936 ad
696 1874 792 1938 Thuc.
817 1874 843 1938 I.
871 1877 944 1937 136.
970 1877 1020 1957 3),
1043 1881 1080 1937 nt
1095 1874 1170 1937 haec
1185 1895 1240 1958 pro

149 1981 286 2064 legitima
321 1983 442 2046 dicendi
477 1984 595 2047 ratione
630 1984 734 2048 haberi
767 1984 884 2048 debeat.
933 1985 1049 2066 (Ὅστις
1081 1992 1127 2047 551
1158 1983 1241 2067 apud

150 2090 289 2174 Thucyd.
314 2091 340 2156 I.
369 2094 442 2155 137.
469 2094 507 2174 2).
554 2091 685 2174 Reliqua
708 2093 799 2157 modo
824 2093 917 2156 allata
940 2094 997 2155 etsi
1020 2099 1144 2177 propter
1167 2114 1241 2175 pau-

149 2199 272 2262 citatem
304 2222 366 2264 non
399 2207 528 2284 possunt
551 2201 583 2264 in
607 2202 784 2264 universum
807 2201 906 2285 legem
930 2201 1113 2277 convellere,
1138 2208 1239 2264 tamen

149 2309 313 2392 prohibent
344 2311 510 2393 quominus
541 2311 688 2374 assentiar
719 2310 924 2375 Herwerdeno
949 2310 1094 2374 scribenti
1116 2306 1240 2382 οἷςτισιν.

149 2420 366 2483 Accusativum
390 2442 459 2482 cum
482 2421 637 2484 infinitivo
660 2422 803 2484 iunctum
828 2423 1068 2505 ροε1προςήκειν
1091 2425 1122 2481 51
1141 2419 1240 2481 simm.

149 2529 294 2612 exemplis
319 2529 522 2592 defenderunt
544 2531 786 2595 Rauchcnstein.
811 2531 859 2594 ad.
886 2535 915 2596 7.
941 2534 981 2594 37
1000 2531 1101 2594 Brem.
1120 2529 1158 2591 ad
1175 2527 1240 2591 h.l.

149 2637 220 2700 Alia
244 2637 353 2700 videsis
377 2639 410 2700 in
434 2637 568 2701 Gramm.
593 2641 610 2722 ξ
634 2641 686 2702 55.
711 2661 782 2703 ann.
808 2642 861 2702 28.

193 2746 333 2810 Proxime
356 2755 527 2829 sequuntur
550 2749 642 2812 baec:
667 2751 700 2812 ἐκ
723 2750 824 2815 τούτου
840 2751 899 2827 γαρ
915 2749 964 2812 καὶ
981 2751 1063 2825 ὑμεῖς
1079 2750 1237 2826 γνώσεσθε,

148 2856 197 2918 καὶ
224 2857 282 2932 ἐγὼ
305 2860 368 2935 περὶ
392 2857 521 2932 ἐμαυτοῦ
544 2859 596 2928 τὴν
618 2858 784 2932 ἀπολογίαν
807 2858 983 2938 ποιήσομαι,
1008 2858 1180 2938 ἀποφαίνων
1202 2861 1239 2928 ὠς

147 2967 207 3030 οὔτ’
237 2965 270 3041 ἐξ
300 2963 336 3029 ὧν
366 2970 394 3030 ἒν
425 2967 603 3048 δημοκρατίᾳ
635 2966 695 3030 οὔτ’
726 2965 760 3042 ἐξ
782 2963 818 3030 ὧν
841 2968 869 3030 ἐν
892 2968 1055 3047 όλιγκρχόρι
1077 2967 1238 3049 πεποόκιια,

147 3076 223 3138 οὐδέν
254 3100 301 3151 μοι
334 3084 467 3154 προςῆκον
498 3077 632 3139 κακόνουν
656 3071 736 3139 εἶναι.
772 3075 937 3138 Verissime
961 3074 1116 3158 Kayserus
1139 3075 1241 3139 delen·

149 3185 222 3247 dnm
245 3193 348 3248 mone-t
371 3186 542 3266 ἀποφαίνοι
565 3193 636 3268 post
659 3185 742 3268 quod
758 3207 820 3249 non
836 3193 918 3248 rect-e
938 3188 1241 3276 stateramque,

150 3292 233 3376 quod
257 3293 295 3357 ad
319 3301 486 3376 utrumque
508 3293 679 3356 membrum
704 3295 858 3376 (γνώσεσθε
882 3302 913 3357 51
931 3295 982 3368 τὴν
1001 3299 1056 3359 όιπ.
1073 3296 1240 3377 ποιήσομαι)

151 3403 297 3485 pertinet,
323 3404 376 3467 sed
400 3404 626 3467 constructione
650 3403 912 3467 accommodatum
936 3412 981 3467 551
1004 3403 1174 3487 posteriori.

194 3515 211 3595 b
235 3516 264 3574 9.
302 3512 380 3574 Sunt
398 3533 435 3574 ex
453 3511 699 3595 quadringentis,
721 3513 774 3596 qui
791 3520 937 3595 tanquam
953 3511 1102 3575 libertatis
1119 3512 1240 3594 patroni

151 3643 220 3684 cum
242 3621 368 3704 reliquis
393 3620 534 3685 exulibus
557 3629 663 3704 postea
685 3622 813 3704 triginta
835 3623 915 3684 viros
939 3621 1098 3697 eiecerint,
1124 3628 1154 3684 51
1174 3642 1240 3683 rur·

150 3753 202 3793 sus
225 3729 272 3792 illi
288 3731 341 3812 qui
357 3730 543 3813 pepulerunt
559 3729 799 3814 quadringentos
816 3731 927 3814 partim
942 3730 1002 3813 ipsi
1017 3731 1098 3793 inter
1113 3729 1240 3811 triginta

149 3840 229 3902 viros
256 3840 397 3914 luerunt,
425 3838 478 3902 εἰσὶ
507 3839 532 3901 δ’
549 3835 647 3910 οἵτινες
672 3844 727 3902 τῶν
750 3838 933 3902 Ἐλενσῑνοὶό
960 3837 1237 3919 ἀπογραψαμένων,

151 3947 312 4022 ἐξελθόντες
331 3945 397 4022 μεθ’
414 3946 506 4022 ὑμῶν,
523 3949 733 4027 ἐπολιορκοῦντο
748 3948 814 4023 μεθ’
829 3948 934 4012 αὐτῶν.
958 3947 1007 4010 Sic
1019 3947 1131 4022 Palat.;
1145 3945 1238 4028 vulgo

150 4054 216 4131 μετ’
234 4057 346 4130 ntroin
364 4054 417 4117 sed
433 4054 507 4118 haec
522 4058 651 4120 venetas
668 4057 758 4121 nihili
775 4064 837 4133 est,
855 4041 950 4140 quum
967 4056 1038 4120 olim
1055 4055 1238 4119 scriberetur

150 4163 289 4246 neglecta
312 4162 437 4225 elisione
460 4164 541 4239 μετόν
563 4169 657 4230 αὐτῶν
682 4166 729 4229 vel
752 4167 854 4229 αὑτῶν.
895 4167 932 4230 Οἱ
956 4165 1141 4230 Ἐλευσῖνάδε
1162 4170 1237 4225 sunt

152 4270 354 4335 Athenienses
385 4272 439 4353 qui
470 4271 692 4354 expeditionem
721 4280 922 4358 susceperunt
944 4274 983 4337 ad
1006 4273 1133 4358 triginta
1155 4271 1236 4335 viros
