2850 5024
706 286 768 347 168

235 480 412 563 Sequuntur
442 479 579 562 proxime
602 479 692 543 haec:
717 481 730 541 ὁ
753 481 805 556 μὲν
829 481 887 561 γὰρ
910 480 1003 562 ὥσπερ
1027 484 1086 548 ἐπὶ·
1102 486 1206 563 κλήρου
1232 493 1286 558 τῆς

190 595 344 669 σομφορῖις
376 590 460 662 οὔσης
490 589 727 670 ἀμφιςβησησιοι
759 589 828 662 ὔκει.
875 589 924 653 Sic
957 592 1073 668 Palat.;
1098 599 1178 655 recte
1201 613 1287 655 nunc
1331 618 1338 630 ¹

190 700 352 777 ἐπικλήρου.
398 697 511 762 Tamen
541 697 705 761 admodum
736 698 847 761 durum
880 707 926 762 est
958 700 1162 764 calamitatem
1184 701 1287 783 ipsam

191 807 285 870 filiam
314 805 543 868 haereditariam
574 806 651 881 dioi;
682 827 743 869 non
772 829 818 869 res
842 807 885 869 rei
909 816 1103 892 comparatur
1127 807 1180 869 sed
1205 808 1287 871 actio

192 918 322 993 actioni}
348 924 378 978 et
400 916 545 992 tertium,
571 915 652 1000 quod
670 916 800 993 dicitur,
818 917 1052 1001 comparationis
1070 924 1116 980 est
1131 916 1288 1000 cupiditas

193 1026 378 1090 vindicandi.
424 1025 526 1088 Multo
553 1027 649 1109 igitur
676 1027 778 1109 aptius
810 1034 840 1088 et
868 1026 1038 1109 elegantius
1063 1027 1175 1089 omisso
1199 1026 1288 1102 οὔσης

193 1136 253 1219 legi
285 1156 374 1218 posse
406 1134 527 1198 videtur
554 1137 590 1204 ὥς
618 1137 680 1214 περὶ
704 1135 931 1213 cessationes<
955 1139 1109 1217 συμφορᾶς
1132 1137 1289 1213 ὔμφιςβη-

192 1247 302 1325 σησωι,
337 1245 374 1307 de
406 1245 578 1308 calamitate
609 1253 755 1326 tanquam
787 1244 825 1306 de
855 1244 918 1307 filia
940 1244 1142 1309 haereditaria
1165 1268 1289 1309 mecum

192 1362 374 1418 certaturus.
424 1352 503 1417 Nam
528 1354 570 1417 in'
584 1353 734 1417 eiusmodi
758 1355 986 1417 constructione
1008 1362 1117 1417 notum
1142 1362 1187 1417 est
1203 1377 1290 1440 prae-

192 1464 374 1548 positionem
406 1486 523 1547 semper
554 1462 647 1526 semel
666 1464 879 1527 tantummodo
896 1464 1046 1528 collocari.
1082 1463 1214 1549 Largam
1241 1486 1290 1529 oo·

193 1574 275 1656 piam
300 1572 507 1656 exemplorum
528 1572 621 1635 habet
637 1571 789 1649 Oobetus,
808 1595 870 1636 var.
886 1572 972 1636 Lect.
990 1596 1018 1657 p.
1040 1576 1120 1650 164,
1137 1573 1192 1636 ubi
1208 1594 1290 1656 quae

195 1682 364 1745 contrariae
387 1679 515 1743 rationis
539 1681 676 1764 exempla
700 1681 845 1744 attulerat
868 1681 1089 1746 Stallbaumius
1113 1681 1152 1744 ad
1172 1681 1288 1744 Phaed.

194 1814 225 1875 p.
242 1794 293 1856 67.
319 1791 347 1853 D
372 1792 577 1874 corriguntur.
624 1791 744 1854 Subtile
767 1801 869 1855 tamen
894 1792 1058 1856 discrimen
1079 1793 1162 1874 quod
1179 1791 1292 1854 consti-

197 1902 258 1964 tuit
283 1902 364 1964 inter
387 1901 449 1978 περὶ
473 1909 526 1973 τῆς
549 1904 703 1982 συμφορᾶς
727 1903 763 1972 ὠς
787 1901 849 1980 περὶ
874 1903 1025 1981 ἐπικλήρου
1051 1910 1081 1965 et
1099 1904 1135 1972 ὡς
1153 1899 1215 1980 περὶ
1228 1901 1291 1964 εἰσι-

198 2012 301 2091 κληροο
318 2019 372 2084 τῆς
388 2013 556 2093 συμφορᾶς,
576 2010 632 2072 etsi
652 2032 757 2072 verum
781 2010 836 2088 sit,
862 2017 964 2074 tamen
988 2033 1026 2074 an
1049 2032 1112 2073 non
1129 2011 1169 2074 sit
1185 2031 1293 2094 perpe·

197 2127 286 2182 tuum
316 2120 434 2184 dubito.
481 2119 519 2182 In
550 2120 651 2202 priore
675 2120 902 2184 construetione
926 2122 958 2184 in
974 2121 1048 2204 ipso
1072 2120 1164 2184 verbo
1187 2121 1293 2184 inesse

198 2230 455 2313 comparationem
494 2234 599 2312 putat,
635 2228 666 2291 in
702 2228 796 2291 altera
830 2229 1056 2292 substantivum
1093 2229 1288 2292 substantivo

199 2338 398 2422 aequiparari.
434 2337 511 2413 Sed,
532 2344 568 2400 ut
588 2336 732 2400 hocloco
752 2345 837 2413 utar,
859 2337 1018 2401 Platonem
1038 2337 1289 2424 tarpeium.

200 2472 230 2533 p.
257 2450 330 2510 553.
356 2447 391 2509 B.
418 2446 598 2511 scribentem
621 2447 782 2510 πσοιῦσοιιτι
806 2443 900 2526 ὔσσιερ
925 2448 992 2527 πρὸς
1015 2447 1120 2526 traua
1140 2457 1177 2528 τη
1193 2447 1296 2523 πόλει,

201 2557 329 2620 dixerim
361 2579 424 2620 non
455 2566 561 2621 notare
591 2557 625 2620 in
655 2558 831 2621 universum
861 2557 1094 2621 similitudinem
1121 2557 1240 2640 scopuli
1264 2564 1296 2620 et

202 2666 352 2741 civitatis,
385 2665 438 2728 sed
461 2665 609 2729 rationem
635 2687 696 2748 qua
719 2665 873 2729 allidatur.
920 2666 1120 2750 Eandemque
1142 2666 1295 2728 rationem

202 2796 266 2838 esse
290 2780 365 2858 puto
388 2775 421 2837 in
446 2774 493 2836 his
518 2773 632 2837 Phaed.
659 2776 733 2836 115.
757 2773 793 2837 B.
818 2774 912 2853 ὥσπερ
935 2777 1003 2838 κοτ’
1019 2773 1088 2855 ἴχνη
1108 2775 1149 2838 τοὶ
1166 2770 1297 2853 νῦνείρη-

199 2881 274 2960 ροὲιοο
296 2921 341 2932 -
363 2883 426 2964 ζῆν,
452 2894 482 2947 et
500 2882 577 2947 Luc.
602 2884 648 2947 bis
672 2885 744 2948 Acc.
769 2884 835 2965 (47)
860 2885 900 2944 '21
925 2880 1018 2961 ὔσσερ
1045 2881 1141 2956 ἱκέτην
1167 2882 1214 2946 ἐπὶ
1246 2882 1296 2945 σοι

201 2996 251 3056 τοῦ
275 2990 355 3058 ἐλέου
379 2993 480 3078 βωμὸν
502 2995 554 3068 rba
579 2994 672 3067 ηδοιηι
695 2999 897 3071 καταφυγεῖν.
933 2991 1022 3056 Nihil
1038 2992 1119 3056 enim
1136 3012 1296 3055 commune

202 3104 294 3169 habet
317 3103 411 3166 altare
435 3111 465 3167 et
488 3105 631 3187 voluptas
655 3103 714 3166 nisi
739 3103 822 3186 quod
846 3103 949 3166 eadem
973 3104 1091 3166 ratione
1115 3103 1297 3184 confugitur

202 3212 241 3276 ad
271 3221 447 3296 utrumque.
494 3212 589 3276 Plura
624 3214 715 3276 etiam
751 3213 888 3296 exempla
922 3213 1015 3276 huius
1051 3209 1292 3274 constructionis

203 3322 290 3386 affert
313 3323 404 3385 Doot.
429 3320 550 3398 Naber‚
574 3321 754 3405 Tijdschrift
769 3344 843 3385 voor
858 3322 895 3385 de
912 3320 1036 3385 Nederl.
1055 3320 1166 3405 Gymn.
1186 3322 1289 3396 1864,

203 3455 233 3516 p.
248 3435 316 3511 '68,
342 3454 408 3516 sqqz
451 3430 524 3494 Non
551 3431 649 3495 multa
678 3431 935 3495 demonstratione
964 3431 1068 3515 egebit
1091 3429 1232 3495 librarios
1259 3452 1297 3491 ex

203 3545 239 3613 ὡς
274 3543 337 3620 περὶ
368 3541 416 3605 ἐστὶ
448 3541 588 3625 effingere
616 3541 753 3624 potuisse
775 3537 868 3619 ὥσπερ
893 3540 959 3616 ἐστι’,
984 3562 1046 3622 quo
1069 3539 1150 3602 facto
1174 3545 1209 3600 ut
1233 3561 1299 3601 sen·

204 3651 303 3714 tentia
327 3656 479 3714 constaret
502 3650 586 3722 οὔσης
610 3654 675 3712 erat
698 3648 881 3711 addendum.

247 3762 264 3843 q
290 3763 339 3822 15.
387 3758 531 3822 Convicia
555 3759 586 3821 in
610 3780 659 3820 me
683 3758 822 3841 congerit
843 3754 938 3835 ὔσιιερ
961 3757 984 3819 εἰ
1008 3756 1139 3837 φοβερῶς
1159 3754 1299 3834 tropaea

202 3869 318 3946 μέλλων
340 3871 434 3944 alandt
457 3868 553 3944 λέγω,
577 3869 648 3930 ciat*
672 3869 722 3930 οὔκ
741 3865 777 3929 ela
802 3865 879 3930 πῦιυ
902 3872 991 3949 ιιρρῖοι
1011 3868 1047 3937 ὡς
1064 3865 1135 3940 μηδὲ
1151 3866 1298 3945 ψεῦδητοιι

203 3985 304 4046 sacra
332 3981 464 4054 ποιήσοι.
501 3977 551 4041 Sic
574 3977 671 4040 Palat.
682 4003 691 4053 ς
716 3975 854 4040 Scheib:
880 3977 979 4054 λέγειν
1003 3983 1033 4038 et
1057 3978 1193 4056 σιροιῦιιος.
1227 3962 1301 4037 lnu·

204 4089 259 4152 tile
290 4098 335 4152 est
366 4111 470 4152 omues
502 4088 689 4151 coniecturas
722 4085 760 4149 ad
783 4086 866 4149 hunc
889 4085 989 4148 locum
1013 4086 1108 4149 factas
1133 4105 1298 4148 recensere.

205 4198 339 4262 Tantum
363 4197 513 4261 contendo
536 4197 667 4275 Φοβερῶς
691 4193 837 4277 ὀιομῦζειι
861 4195 926 4260 τιοῦ
945 4216 1008 4258 non
1023 4216 1112 4279 posse
1130 4194 1300 4279 significare
