2850 5024
642 365 681 430 27

116 569 258 645 γηριέιιοι.
294 557 434 650 Flagitat
451 566 617 642 sententia,
642 572 673 628 ut
700 563 850 627 scribatur
873 560 939 642 πρὸς
963 561 1034 637 ἐμοῦ
1055 562 1202 637 duramn—

116 679 223 757 μένων,
253 681 330 752 nidd
356 681 413 744 tibi
437 684 535 743 rotem
558 683 617 742 erit
638 699 737 741 eoram
762 697 837 759 quoe
853 678 992 759 ρνοιιιοῖοο.
1039 671 1117 734 Xon.
1143 669 1203 732 An.

118 792 145 855 Ι.
170 795 199 855 9.
226 794 285 855 20:
310 793 496 869 ὁμολογεῖται
529 791 597 871 τρδο
629 787 744 855 relever
767 787 918 868 reprimeres
941 785 1085 862 γενέσθαι.
1128 780 1217 863 Οοο.Ι

117 906 157 980 4ο,
182 905 219 966 2:
244 902 411 980 οὶδοξοῦνται
435 903 502 981 τρδς
524 909 579 966 τῶν
602 900 722 966 aduror.
769 899 847 963 Plat.
871 897 967 982 Legg.
991 894 1047 960 IV.
1073 896 1135 959 712
1159 891 1201 955 E:

116 1014 301 1095 ιὶρχοιιοτοὲτη
333 1021 434 1078 aaron
461 1013 509 1078 acl
534 1013 602 1093 πρὸς
625 1011 741 1078 πάντων
763 1010 911 1089 delectarer
934 1008 984 1073 acl
1008 1010 1087 1084 ἡμῶν
1110 1007 1204 1069 αὐτῶν

115 1124 271 1202 λεγομένη.
317 1125 395 1190 Xen.
420 1123 493 1189 Oec.
522 1127 579 1188 16:
604 1126 654 1198 τὴν
678 1124 737 1188 ιεδι
759 1161 804 1171 -
827 1123 871 1186 δεῖ
892 1117 962 1186 εἶναι
982 1122 1072 1194 dmin
1092 1104 1134 1182 δ’τι
1148 1117 1205 1192 μοὶ-

115 1252 207 1303 λιοτα
237 1237 305 1314 πρὸς
333 1243 383 1302 τοῦ
408 1220 494 1312 sitlos.
542 1234 738 1300 Constructio
762 1235 836 1299 haec
859 1232 988 1297 Ionibus
1011 1238 1041 1295 et
1064 1229 1205 1313 tragicis,

116 1347 269 1432 Aeschylo
293 1348 486 1432 potissimum
510 1348 718 1430 frequentata,
735 1346 837 1430 potuit
860 1343 990 1408 subinde
1006 1339 1205 1426 scriptoribus

115 1460 228 1523 Atticis
252 1457 398 1523 excidere.
445 1456 517 1521 Non
548 1470 652 1542 aptum
687 1480 768 1534 esse,
802 1479 918 1523 servam
949 1455 1008 1521 dici
1041 1451 1158 1536 aliquid
1188 1474 1206 1515 a

115 1572 241 1636 domino
259 1575 432 1656 pepigisse,
457 1578 511 1635 aut
534 1570 573 1634 de
596 1569 699 1653 aliqua
721 1592 754 1632 re
773 1570 853 1632 inter
868 1589 982 1631 servam
1000 1575 1029 1632 et
1046 1564 1203 1637 dominum

115 1687 301 1759 οοοιοοοιιοοο,
331 1680 461 1764 quisque
485 1680 573 1744 lacile
598 1679 716 1743 sentiet.

161 1795 179 1878 d
201 1795 254 1856 22.
300 1793 388 1863 Εἰδὼς
407 1791 431 1855 δ’
450 1793 506 1868 ἐγὼ
525 1788 567 1856 ὅτι
588 1796 750 1866 τηνικαῦτα
770 1790 861 1872 (ἡλίου
886 1789 936 1864 ἤδη
957 1789 1113 1870 δεδυκότος)
1132 1787 1204 1865 ripr-

115 1903 223 1982 γμένος
247 1903 345 1968 οὐδὲν
368 1900 409 1967 tv
432 1904 635 1982 καταλήψοιτο
658 1900 723 1967 οἴκοι
747 1909 802 1967 τῶι
825 1901 997 1976 ἐπιτηδείων.
1044 1898 1093 1962 Ita
1117 1897 1203 1962 MSS.
1273 1936 1289 1973 ¹,

116 2012 212 2082 Οὐδέν
234 2013 397 2098 legendum
422 2037 486 2078 esse
510 2037 571 2078 non
594 2015 693 2080 οὐδένα
718 2015 841 2099 (Bell.)
865 2013 1028 2098 persuadet
1051 2012 1091 2076 H.
1112 2009 1206 2082 Fron-

116 2126 243 2210 berger‚
267 2125 379 2189 Philol.
405 2125 473 2190 XV.
499 2149 528 2210 p.
554 2130 634 2202 3403
658 2149 727 2193 nam
744 2127 908 2195 familiares
924 2125 981 2189 sub
998 2132 1117 2188 noctem
1134 2145 1206 2186 sane

117 2237 201 2301 domi
225 2243 320 2300 eraut.
368 2236 427 2301 Sed
450 2260 512 2303 non
535 2238 611 2302 mihi
635 2238 775 2322 probavit
797 2237 833 2303 cla
856 2261 925 2302 cum
949 2237 1054 2301 futuro
1077 2234 1205 2321 optativi

114 2348 203 2431 iungi
235 2369 332 2431 posse.
374 2347 432 2413 Ἂν
463 2370 532 2412 cum
564 2357 659 2434 optat.
690 2373 743 2435 per
774 2372 804 2413 se
835 2351 895 2414 iam
923 2349 1020 2412 futuri
1049 2347 1203 2411 notionem

114 2458 363 2543 comprehendit,
394 2480 450 2523 uec
481 2459 577 2524 lenna
608 2462 691 2526 verbi
722 2463 827 2526 futura
854 2461 1022 2544 quidquam
1046 2480 1123 2543 opus
1148 2464 1203 2520 est.

113 2568 181 2640 Nee
210 2569 444 2634 ratiocinatione
474 2571 532 2635 hoc
564 2573 670 2636 confici
701 2580 820 2658 potest3
853 2595 941 2657 saepe
972 2594 1045 2639 usus
1070 2568 1203 2652 spernit,

114 2703 195 2765 quae
217 2681 295 2744 ratio
317 2702 380 2744 nou
403 2681 564 2766 improbat.
601 2683 683 2748 Bene
707 2692 808 2748 aetum
832 2685 906 2761 erit,
924 2685 949 2747 si
967 2705 1074 2759 usum,
1095 2684 1131 2748 de
1149 2703 1205 2763 quc

109 2798 205 2877 prius
228 2798 363 2856 constare
386 2795 485 2870 debet,
508 2794 626 2858 ratione
649 2794 810 2861 defendere
834 2796 995 2880 possimus.
1032 2792 1064 2856 Si
1087 2793 1204 2855 ratione

114 2911 237 2969 tantum
269 2902 421 2987 agendum
453 2915 548 2982 esset,
579 2906 709 2970 dicerem
733 2905 768 2970 ἄν
792 2929 863 2970 cum
886 2906 990 2969 futuro
1014 2905 1141 2989 optativi
1165 2928 1204 2969 ne

115 3014 173 3078 sub
205 3015 384 3081 condicione
415 3017 540 3100 quidem
563 3018 680 3102 aliquid
708 3018 741 3082 iu
764 3019 870 3082 futuro
894 3017 989 3081 dubio
1013 3018 1112 3085 maius
1136 3039 1203 3101 pro-

116 3149 246 3211 ponere,
272 3127 324 3191 sed
348 3136 468 3193 tantum
494 3130 658 3214 probabile.
694 3131 810 3195 Verum
834 3131 866 3196 in
890 3130 977 3195 nullo
997 3152 1091 3215 paene
1108 3151 1204 3192 exem·

114 3236 167 3321 plo
199 3240 396 3303 consentiunt
429 3240 509 3305 libri.
556 3242 655 3305 Locos
691 3243 814 3326 collegit
845 3242 1023 3319 Bttumleiu,
1056 3241 1203 3304 Untersu-

114 3349 258 3435 chungen
281 3352 357 3416 iiber
380 3352 429 3417 die
453 3353 671 3418 Griechischen
694 3354 799 3431 Medi,
823 3379 852 3440 p.
876 3357 949 3417 296.
982 3351 1111 3416 Omissis
1126 3351 1203 3427 illis,

115 3460 154 3524 de
185 3461 297 3544 quibus
325 3463 391 3546 ipse
414 3463 553 3542 dubitat,
577 3473 694 3529 restant
717 3465 794 3529 Xen.
821 3465 881 3532 GP.
906 3464 979 3528 VII.
1005 3467 1035 3527 3.
1063 3466 1122 3539 10,
1146 3462 1204 3546 Ly-

114 3594 200 3657 curg.
232 3574 265 3637 in
295 3573 402 3638 Leocr.
436 3579 474 3638 15
500 3585 530 3638 et
555 3584 657 3640 noster
680 3577 775 3641 locus.
799 3576 860 3641 Sed
882 3575 1016 3661 Lycurgi
1041 3582 1071 3637 et
1093 3573 1204 3656 Lysiae

114 3683 201 3747 libris
225 3684 256 3748 in
280 3686 334 3750 tali
358 3686 550 3752 dubitatione
574 3711 635 3752 non
658 3689 792 3753 multum
810 3687 1007 3752 tribuendum
1024 3693 1078 3750 est.
1110 3683 1203 3769 Apud

114 3793 195 3858 Xen.
219 3818 281 3860 non
305 3798 502 3861 consentiunt
525 3797 632 3876 codd.;
657 3821 712 3883 pro
735 3801 764 3863 τί
786 3799 822 3864 διν
845 3799 966 3873 τοιήοας
989 3822 1031 3862 τοι
1053 3798 1203 3877 χαρίοοιτο

115 3905 227 3988 (forma
256 3907 400 3984 barbara,
429 3908 547 3992 opinor)
571 3909 734 3993 legendum
758 3932 827 3973 cum
851 3908 1011 3975 Dindorfio
1034 3908 1202 3988 χαρίσαιτο.

159 4019 176 4102 l
199 4021 251 4081 24·
297 4020 481 4098 ἀνεῳγμένης
504 4029 557 4095 τῆς
573 4022 658 4101 θύρας
674 4022 724 4084 καὶ
741 4020 796 4084 ὑπὸ
811 4030 863 4094 τῆς
878 4021 1021 4101 οὶιθρώτου
1041 4042 1200 4098 ταρεοιιευ-
1270 4010 1274 4018 ’

112 4129 252 4205 mosam.
299 4128 371 4194 Non
402 4131 547 4216 intellego
579 4132 653 4216 quid
685 4132 743 4196 sibi
774 4132 868 4196 velint
892 4137 1088 4216 praeparatae
1111 4126 1223 4192 fores*

112 4238 195 4303 Fort.
220 4240 269 4305 καὶ
293 4250 345 4315 τῆς
368 4242 511 4319 ανθρώπου
534 4243 826 4323 παρεσκευασμένας,
849 4247 969 4308 sistente.

157 4353 174 4436 p
198 4354 250 4417 29.
268 4350 411 4425 Nullam
436 4354 511 4418 mihi
532 4357 756 4421 excusationem
773 4356 883 4420 habere
900 4354 1020 4420 videtur
1035 4374 1110 4416 usus
1132 4373 1202 4419 ecn-
