2850 5024
657 369 719 427 225

139 568 231 632 verba
254 567 371 644 τύτερον
394 569 452 648 χρη
477 566 599 644 addita,
624 573 660 629 ut
676 566 812 642 videtur,
834 566 871 630 ub
887 567 1073 650 interprete,
1091 563 1146 646 qui
1162 584 1232 626 con·

141 679 342 742 structionem
373 677 488 761 optime
519 676 667 739 Graecam
698 675 840 751 ε’τιδεῖξοιί
868 700 921 740 τινι
951 675 1049 754 δικοιίῳ
1071 671 1144 739 είνοιι
1169 695 1231 736 non

140 790 340 873 intellegeret.
388 787 506 852 Eodem
533 787 625 851 modo
653 785 847 867 acpdduyua
879 787 1013 861 ποιήσετε
1044 791 1103 857 τοῖς
1130 783 1232 854 ἄλλοις

140 899 256 970 δικοιίοις
279 893 368 975 είνοιι,
393 898 475 978 rapa
497 897 598 962 τούτου
618 897 695 971 δίκην
714 878 878 977 λοιβύντες,
900 897 952 960 27.
973 897 991 956 6
1013 902 1043 958 et
1058 891 1232 968 κοιτοιδεΐξοιι

142 1008 235 1072 Asse.
260 1008 318 1070 xv.
345 1009 424 1083 ενι,
449 1006 526 1070 aar.
555 1008 650 1069 maa.
737 982 752 1011 ³

184 1121 200 1202 S
226 1120 265 1182 la
301 1111 361 1194 ἐγώ
393 1117 417 1180 δ’
447 1112 467 1181 ώ
496 1114 594 1196 ώνδρες
617 1117 777 1192 Ἀθηναῖοι,
802 1117 832 1178 ού
852 1115 903 1188 την
924 1115 1015 1188 οιύτην
1034 1113 1153 1192 γνώμην
1172 1110 1234 1192 ἔχω

141 1228 203 1308 τερί
233 1233 289 1291 τῶν
319 1226 450 1290 τοιούτων
477 1247 514 1288 ex
545 1224 661 1309 Sauppi
688 1225 864 1288 coniectura
886 1247 969 1288 nunc
993 1223 1147 1288 scribitur.
1194 1221 1233 1284 Id

141 1360 204 1400 uon
226 1335 395 1420 significat,
421 1342 456 1398 ut
480 1334 603 1398 volunt:
628 1356 713 1411 „non
736 1337 815 1399 idem
840 1341 933 1399 acatio
957 1334 994 1399 de
1019 1334 1161 1399 omnibus
1179 1332 1234 1417 qui

142 1447 197 1525 „in
220 1445 295 1508 urbe
318 1439 496 1508 manserunt
504 1445 534 1522 ,''
558 1444 627 1508 sed:
652 1444 714 1521 „de
737 1445 851 1508 talibus
871 1446 962 1509 rebus
979 1467 1041 1508 non
1059 1442 1235 1508 ccaentr'or.''

143 1555 315 1631 Sententia,
349 1577 427 1637 quae
451 1554 659 1632 desideratur,
677 1556 808 1632 inesset,
833 1555 860 1617 si
883 1556 999 1620 τοίντων
1023 1555 1179 1619 accederet
1201 1560 1238 1616 ut

144 1668 196 1729 26.
224 1666 281 1728 16:
306 1666 319 1730 ὁ
342 1665 430 1742 δῆμος
455 1668 485 1728 ού
512 1667 564 1739 την
588 1667 679 1738 κύτην
702 1664 821 1742 γνώμην
844 1665 908 1744 ἔχει
932 1667 994 1744 arpi
1019 1664 1163 1729 τοίντων
1182 1667 1237 1727 τών

145 1778 173 1839 ἐν
198 1775 282 1839 ι’ίοτει
305 1772 474 1851 μεινώντων.
521 1773 559 1836 Iu
590 1773 657 1836 MS.
682 1796 737 1858 pro
760 1779 791 1839 ού
818 1776 870 1848 την
894 1776 985 1849 οούτιίν
1008 1775 1121 1858 legitur
1145 1773 1239 1838 τοιοιύ-

144 1910 196 1959 την
216 1886 287 1967 (om.
308 1887 359 1966 ού).
396 1882 592 1947 Florentinus
617 1884 719 1947 omisit
742 1885 827 1948 οίνιιιοί
850 1885 882 1947 in
907 1906 990 1968 sqq.,
1014 1893 1104 1962 recte,
1118 1885 1235 1968 opinor.

145 1994 234 2058 Nihil
266 2001 312 2057 ast
340 1993 423 2076 quod
455 1993 637 2077 reprehendi
667 1995 765 2078 possit
795 1996 828 2058 in
859 1995 923 2057 his:
957 1996 1014 2072 ἐγώ
1045 1993 1068 2058 δ’
1096 1989 1239 2072 ώώνδρες

146 2104 306 2180 Ἀθηναῖοι,
341 2103 478 2178 τοιοιύτην
506 2104 630 2180 ,γνώμην
664 2103 725 2184 ἔχω
752 2104 815 2185 περὶ
843 2109 899 2169 τών
929 2105 1078 2170 τοιούτων·
1111 2101 1167 2167 ώτοι
1185 2102 1240 2180 μὲν

146 2215 305 2294 ἐλευθερίως
329 2238 356 2280 κ.
381 2238 411 2278 τ.
435 2214 457 2278 ἓ.
492 2195 551 2276 vDe
579 2214 778 2297 sequentibus
806 2236 874 2277 vere
898 2213 1056 2278 Dobreus:
1080 2215 1135 2292 „od
1155 2235 1240 2286 τονη-

145 2324 230 2403 ,ρούς
261 2323 364 2387 Attica
399 2322 529 2398 λιτότητι
553 2324 651 2408 possis
676 2331 834 2407 utcunque
858 2323 1039 2400 defendere,
1063 2329 1098 2386 ut
1121 2322 1162 2384 sit
1185 2309 1250 2404 pro*

147 2434 308 2511 ,ρίγωύούς
356 2431 416 2495 Sed
446 2432 573 2515 quinam
596 2440 670 2496 sunt
693 2433 740 2496 illi
764 2433 868 2509 alteri,
893 2432 1003 2498 ἐκείνων
1026 2431 1150 2512 φνγήνί
1189 2429 1239 2493 In·

148 2550 305 2619 „crustare
339 2541 428 2605 facile
463 2543 568 2616 ἐκείνην
602 2545 655 2617 την
686 2544 798 2624 φυγήν.
845 2540 905 2604 Sed
939 2541 1059 2605 videtur
1090 2539 1238 2604 excidisse

147 2653 341 2731 „membrum
366 2653 516 2738 periodi.’'
550 2653 663 2717 Totum
687 2653 782 2737 igitur
805 2653 907 2717 locum
928 2653 971 2716 sic
988 2651 1165 2716 constituit:
1182 2647 1238 2715 ύοοι
1295 2633 1305 2651 ⁶

147 2764 201 2841 μὲν
220 2752 379 2843 ἕλεύύερίοις
398 2762 447 2828 κοιί
468 2769 519 2827 τοῦ
540 2763 647 2827 δικαίου
667 2764 871 2840 ἐπιθυμοῦντες
891 2761 940 2826 κοιί
960 2763 1025 2833 τοὺς
1042 2761 1142 2835 νύμονς
1158 2759 1243 2840 ἰσχύ-

151 2898 190 2938 ειν
216 2872 385 2950 βονλύμενοι
415 2872 465 2936 κοιί
489 2873 556 2944 τοὺς
579 2874 749 2944 ἀδικοῦντος
772 2879 923 2950 μισοῦντες
946 2877 1002 2936 τών
1026 2871 1168 2952 ὑμετέρων
1190 2895 1245 2935 κιν-

149 2984 235 3048 δύνων
265 2983 412 3063 μετέσχον
446 2981 558 3066 [τοίοης
588 2989 676 3059 τιμῆς
703 2983 752 3046 κοιί
776 2981 898 3062 χώριτος
922 2980 1019 3056 οὶξίονς
1043 2978 1161 3060 νομίζω·
1187 2977 1244 3043 ύσοι

149 3094 178 3157 δὲ
200 3097 297 3164 κύτοίς
319 3093 362 3165 μη
386 3091 607 3156 τννεκινδύνενον
626 3091 696 3168 μέν,
720 3090 797 3169 ύμως
817 3091 846 3154 δὲ
867 3088 928 3155 ὅσον
948 3090 1081 3154 ἐδύνοιντν
1098 3088 1241 3171 ὠφέλουν]

150 3204 181 3266 ού
210 3202 343 3278 πονηροὺς
373 3197 444 3266 είνοιι
474 3204 617 3280 τοίιίτοις,
650 3202 711 3266 οὐδὲ
740 3202 844 3272 οίδίκως
875 3199 984 3272 τούτοις
1010 3199 1090 3281 φημί
1114 3200 1151 3265 ίιν
1173 3195 1245 3263 είνοιι

151 3312 294 3388 ύτύνιογον
317 3313 368 3385 την
391 3313 501 3375 ἐκείνων
525 3314 637 3391 φυγήν.
684 3310 758 3374 'Pale
788 3310 864 3394 quid
888 3310 1035 3374 excidisse
1059 3315 1153 3393 put03
1177 3310 1245 3392 ipsa

152 3420 243 3483 verba
265 3442 354 3483 nemo
378 3420 554 3503 praestabit.
602 3420 641 3483 In
671 3420 709 3483 iis
734 3442 812 3504 quae
836 3419 972 3504 proxime
996 3426 1168 3502 sequuntur
1188 3417 1244 3483 ίσοι

152 3531 182 3594 δὲ
213 3530 401 3601 κιιτεκύίντες
425 3532 453 3594 ἐν
477 3532 656 3613 δημοκρκτίορ
678 3531 711 3594 τί
734 3532 788 3608 μὲν
813 3529 945 3609 ὑμέτερον
970 3532 1075 3603 τληύος
1099 3530 1244 3610 ώδικούοι,

153 3641 218 3710 τοὺς
249 3639 274 3702 δ’
305 3639 388 3710 ίδίονς
419 3638 507 3713 οίιωιις
539 3642 570 3704 ἐκ
598 3648 653 3705 τῶν
678 3641 821 3721 ὑμετέρων
844 3641 996 3719 μεγοίνιονς
1019 3645 1145 3710 τοιούτι,
1170 3637 1245 3702 πολὺ

154 3751 269 3824 μᾶλλον
293 3750 390 3818 κύτοίς
413 3750 541 3829 προςήκει
564 3749 724 3830 ύργίζετύοιι
749 3753 766 3826 ἢ
787 3757 846 3821 τοῖς
869 3749 1025 3830 τριώκοντοι
1049 3747 1246 3812 scribendum

154 3860 309 3938 τροςιίκειν.
356 3858 496 3923 Sectione
523 3864 563 3923 lt
583 3863 619 3933 ώς
639 3900 685 3912 -
706 3862 850 3937 ποιήσουσι
870 3863 931 3926 iam
952 3860 1082 3925 correxit
1101 3859 1246 3924 Cobetus.

198 3970 215 4052 S
242 3970 291 4031 15.
339 3966 409 4033 ύτοιν
431 3971 490 4051 γύιρ
517 3972 695 4049 ηγηοώμεύοι
718 3972 859 4051 σωτηρίοις
881 3971 1093 4051 ιίντειληΦύοιι,
1119 3967 1248 4047 δεινότερ’

157 4079 211 4143 ύτὸ
245 4085 301 4142 τών
337 4080 479 4161 ἡμετέρων
510 4083 658 4162 οίρχώντων
690 4082 850 4163 τοίσχομεν
876 4083 891 4158 ἢ
914 4082 968 4146 ὑπὸ
997 4087 1052 4145 τῶν
1075 4079 1247 4157 πολεμίων.

156 4190 352 4267 Ἡγηοώμεύοι
376 4191 446 4254 ferri
470 4214 532 4255 non
556 4201 676 4277 potest,
700 4193 760 4256 nisi
784 4201 930 4276 sequatur
953 4193 1105 4255 futurum,
1134 4189 1251 4273 Legen-

158 4298 232 4362 dum
258 4299 406 4377 ἧγώμεύοι.
455 4301 590 4366 Cobetus
614 4301 662 4367 ύτε
684 4304 744 4382 γὰρ
768 4302 955 4381 η’γητοίμεύοι.
1004 4301 1063 4365 Sed
1086 4323 1148 4364 non
1173 4321 1250 4364 asse·

1092 4414 1129 4470 15
