2850 5024
659 366 720 428 lla

143 567 243 630 tribus
274 566 361 629 annis
393 573 463 629 ante
496 563 696 640 Erasistrato,
728 566 781 648 qui
811 590 847 630 ex
871 566 968 630 tribus
992 566 1062 629 filiis
1087 565 1230 630 Eratonis

143 688 210 742 tum
232 678 291 741 iam
315 677 428 740 mortui
452 675 536 740 solus
559 676 591 739 in
611 676 686 740 urbe
705 676 826 754 aderat,
851 676 935 742 litem
954 676 1143 755 intenderat,
1162 700 1232 741 con·

143 789 272 853 tendens
303 795 399 852 totam
430 786 648 874 haereditatem
679 787 822 852 Eratonis
854 787 912 851 sibi
926 787 1052 852 'deberi
1100 787 1231 853 Causam

143 899 195 962 ille
223 898 415 976 obtinuerat,
440 921 475 962 eo
500 910 628 975 eventu,
653 906 689 961 ut
712 899 816 963 statim
839 898 1016 962 Erasistrati
1039 898 1119 963 bona
1142 923 1230 964 oocu-

142 1022 245 1094 paret,
267 1016 320 1073 aut
341 1017 421 1073 certe
441 1030 591 1094 occupare
612 1017 791 1086 conaretur,
813 1031 920 1094 agrum
941 1008 1114 1094 Sphettium
1136 1033 1230 1094 quen-

142 1119 213 1183 dam
237 1127 267 1183 et
289 1118 509 1204 Cicynnensem
534 1142 604 1182 cum
628 1118 728 1183 domo.
776 1119 913 1183 Alterius
937 1120 993 1183 filii
1016 1120 1231 1206 Erasiphontis

143 1229 223 1294 bona
245 1253 315 1295 oum
340 1231 481 1295 similiter
504 1230 562 1295 sibi
588 1229 772 1295 vindicasset
795 1239 894 1309 actor,
920 1255 974 1317 pro
1000 1255 1035 1296 eo
1058 1233 1233 1298 intercesse-

141 1350 213 1405 rant
243 1341 355 1406 affines.
403 1341 494 1406 Unde
525 1365 639 1406 novum
671 1342 819 1407 iudicium
850 1344 1016 1407 conflatum
1045 1353 1125 1422 erat,
1162 1368 1230 1409 cum

141 1452 244 1516 subito
276 1453 378 1517 omnia
407 1453 486 1517 bona
510 1453 651 1516 Eratonis
675 1454 748 1517 fisco
772 1454 976 1518 vindicantur.
1024 1455 1113 1518 Hanc
1136 1456 1231 1540 igitur

141 1561 291 1627 bonorum
313 1563 553 1648 publicationem
578 1586 661 1627 nunc
686 1571 770 1627 actor
790 1565 968 1650 impugnat,
990 1575 1096 1650 petens
1115 1577 1151 1631 ut
1171 1592 1231 1633 ma·

140 1682 213 1738 neat
247 1684 327 1738 certe
361 1676 394 1738 in
429 1676 621 1760 possessione
652 1698 758 1739 eorum
789 1698 866 1760 quae
897 1676 1016 1740 dudum
1046 1679 1231 1762 possedisset

140 1784 327 1870 (Erasistrati
352 1785 533 1871 bonorum),
558 1787 675 1873 reliqua
699 1788 815 1852 civitati
839 1810 1047 1852 concessurus.

187 1898 460 1963 Demonstraturus
484 1899 597 1983 igitur,
621 1898 764 1963 Eratonis
789 1899 869 1963 bona
885 1899 943 1964 sibi
959 1899 1080 1979 deberi,
1097 1903 1229 1986 primum

140 2010 301 2096 pecuniam
326 2009 363 2074 ab
388 2033 443 2074 avo
468 2032 523 2073 suo
547 2009 594 2072 illi
617 2018 758 2075 mutuam
783 2010 885 2074 datam
908 2033 971 2075 esse
993 2011 1068 2076 dicit
1084 2015 1228 2078 maiorem

140 2144 234 2207 quam
256 2122 355 2185 omnis
380 2122 420 2184 sit
442 2144 489 2184 res
505 2121 662 2185 familiaris
682 2121 720 2186 ab
740 2121 873 2186 Eratone
891 2123 996 2187 relicta
1013 2125 1039 2208 (t
1055 2127 1073 2185 ’2
1090 2125 1229 2189 τάλαντα

90 2231 92 2234 ’
139 2233 204 2308 δύο,
237 2231 306 2296 coll.
336 2234 353 2317 t
383 2235 399 2296 7
429 2231 556 2304 πλείονος
580 2232 596 2307 ἢ
620 2232 769 2297 ταλάντου
792 2236 961 2317 τετίμηται)
972 2260 981 2311 ;
1005 2242 1070 2299 tum
1094 2236 1229 2300 ostendit

138 2342 270 2408 testibus
301 2341 475 2427 productis,
507 2343 560 2406 illa
591 2344 671 2407 bona
701 2343 759 2408 sibi
790 2345 851 2408 iam
882 2344 1027 2410 archonte
1051 2346 1228 2411 Xenaeneto

139 2453 202 2540 (Ol.
227 2458 279 2519 et.
304 2456 336 2538 4)
360 2453 535 2518 adiudicata
558 2476 624 2517 esse
646 2456 663 2539 t
688 2458 706 2516 2
732 2462 763 2518 et
786 2458 816 2519 3.

185 2565 282 2644 Tum,
306 2589 344 2629 ne
368 2566 436 2649 quis
460 2566 537 2629 forte
558 2565 755 2655 contenderet
770 2566 803 2630 in
818 2589 945 2631 recensu
961 2568 1129 2646 bonorum,
1147 2592 1226 2654 quae

142 2677 216 2740 fisco
247 2677 479 2762 postularentur
492 2675 529 2760 1),
562 2676 710 2761 quaedam
746 2677 858 2742 omissa
891 2701 970 2756 esse,
1003 2678 1114 2763 quibus
1146 2691 1230 2745 actor

138 2788 258 2853 etiamsi
292 2810 383 2852 causa
406 2787 526 2852 caderet
550 2787 696 2852 damnum
719 2797 820 2852 tamen
843 2789 1044 2876 aliquatenus,
1060 2799 1163 2875 posset
1185 2815 1230 2856 re·

140 2900 268 2977 sarcire,
293 2908 404 2963 cuncta
426 2900 460 2963 in
483 2898 599 2963 iudices
622 2899 718 2962 relata
739 2922 803 2963 esse
827 2900 936 2984 probat
958 2903 975 2985 b
997 2903 1028 2965 4.

185 3011 325 3096 Denique
356 3033 393 3073 ue
424 3009 492 3093 quis
524 3009 703 3073 severiorem
732 3016 902 3075 exactorem
934 3034 951 3074 a
981 3011 1103 3075 civitate
1135 3035 1226 3097 quam

140 3142 159 3186 a
183 3122 309 3208 privatis
333 3121 421 3184 illum
442 3118 639 3184 contenderet
652 3119 688 3203 ¹),
714 3120 756 3197 si,
781 3141 877 3203 quum
894 3128 983 3184 antea
1000 3145 1036 3185 ex
1052 3121 1139 3186 bonis
1154 3123 1227 3186 Era-

137 3234 221 3297 tonis
244 3242 362 3318 partem
386 3241 507 3296 tantum
530 3231 731 3316 possedisset,
748 3255 832 3297 nunc
848 3235 950 3298 omnia
966 3233 1025 3298 sibi
1040 3234 1221 3313 vindicaret,

138 3346 219 3411 nihil
247 3344 381 3429 amplius
407 3367 437 3407 se
460 3366 543 3407 nunc
567 3343 644 3407 velle
666 3350 770 3427 petere
792 3354 897 3409 monet
920 3368 1011 3431 quam
1035 3347 1156 3410 tertiam
1179 3347 1228 3410 de-

137 3456 273 3520 bitorum
304 3463 439 3540 partem,
475 3477 599 3539 sperans
631 3454 774 3518 nimirum
807 3455 864 3519 hac
895 3455 1079 3520 liberalitate
1110 3457 1226 3521 animos

137 3567 275 3632 iudicum
298 3590 329 3630 se
353 3567 412 3630 sibi
436 3566 671 3630 conciliaturum
694 3567 711 3650 d
734 3568 752 3628 5
778 3588 843 3650 sqq.

184 3679 268 3743 Haec
292 3701 369 3764 quae
393 3701 463 3741 cum
486 3677 658 3762 pulvisculo
682 3699 718 3740 ex
741 3677 878 3741 oratione
894 3687 1058 3756 eruuntur,
1077 3701 1225 3743 summam

137 3816 245 3857 causae
268 3792 436 3856 continent.
483 3790 591 3854 Restat
607 3798 642 3853 ut
658 3789 695 3853 de
711 3791 841 3876 singulis
858 3791 1040 3874 quibusdam
1058 3791 1223 3883 videamus.

183 3903 350 3984 Quaeritur
374 3905 454 3968 enim
478 3901 600 3987 quando
624 3903 699 3967 haec
722 3903 801 3967 actio
824 3903 1021 3981 instituatur,
1048 3910 1153 3967 utrum
1169 3926 1224 3988 pu·

136 4015 259 4079 blicatis
282 4015 343 4078 iam
367 4012 452 4077 bonis
477 4022 506 4076 et
530 4015 562 4077 in
578 4014 685 4077 fiscum
708 4014 829 4092 relatis,
848 4038 887 4078 an
904 4038 964 4100 quo
980 4022 1115 4101 tempore
1131 4015 1224 4078 etiam

137 4127 196 4192 sub
211 4127 312 4191 iudice
329 4150 364 4190 ea
379 4150 470 4191 causa
486 4133 573 4189 esset.
609 4125 749 4191 Sectione
767 4131 787 4190 4
805 4126 846 4192 ὅτι
858 4128 887 4192 δὲ
899 4125 1000 4192 πάντα
1012 4128 1225 4211 δημεύεται,

172 4370 196 4431 1)
215 4369 304 4420 Causae
321 4370 378 4433 hae,
397 4386 439 4420 cur
456 4370 549 4437 singula
566 4371 711 4428 afferuntur,
729 4385 743 4419 a
760 4384 798 4418 me
816 4368 938 4435 suppletae
955 4374 1020 4419 sunt.
