2850 5024
731 393 792 455 loa

216 591 294 655 Tum
323 590 497 656 Alcibiades
522 592 634 676 (pater)
658 613 704 656 res
728 589 970 655 Atheniensibus
994 587 1138 652 conciliat
1161 587 1211 672 (ef.
1238 588 1306 671 84).

219 701 429 766 Veruntamen
459 701 579 767 Orneae
609 702 701 787 paulo
732 711 803 788 post
835 703 874 783 (a.
895 702 972 784 416)
1001 701 1105 764 favent
1128 697 1291 783 Spartanis
1298 724 1307 775 3

217 835 288 877 nam
311 812 413 877 exules
438 815 600 898 optimates
623 815 827 898 Argivorum,
852 813 905 897 qui
929 835 976 876 res
1000 812 1039 875 ad
1062 800 1228 896 Spartanos
1245 816 1310 874 tra-

217 922 290 989 here
317 923 500 1002 studebant,
529 947 565 989 eo
588 945 607 988 a
629 923 785 1009 Spartanis
809 931 955 1007 tanquam
978 923 1011 987 in
1034 922 1183 1007 oppidum
1205 921 1325 986 foede·-

216 1039 317 1098 ratum
339 1035 506 1098 mittuntur
529 1035 578 1119 (cf.
591 1034 647 1100 VI.
671 1038 711 1119 7).
758 1034 839 1099 Pieri
861 1035 956 1119 igitur
979 1035 1081 1119 potuit
1103 1042 1140 1097 ut
1154 1033 1278 1098 Orneas
1291 1055 1311 1096 a

216 1143 281 1208 filio
304 1143 480 1222 Alcibiade,
504 1153 591 1229 patre
613 1145 705 1230 Argis
728 1144 939 1230 praesidente,
953 1144 1213 1209 ‘Lacedaemoniis
1236 1165 1310 1227 pro·

219 1255 301 1320 ditae
316 1256 430 1320 fuerint
437 1282 447 1334 ,-
465 1263 495 1319 et
512 1256 555 1320 sie
572 1256 717 1341 explicari
734 1256 927 1342 aliquatenus
946 1264 1048 1341 posset
1064 1255 1155 1320 lectio
1171 1254 1311 1318 Palatini

219 1366 340 1450 ὄρνεσύς,
373 1365 455 1451 quod
489 1368 651 1432 manifesto
674 1368 760 1432 ducit
782 1369 821 1432 ad
843 1368 973 1450 Ὀρνεάς.
1020 1367 1099 1431 Sunt
1121 1374 1223 1430 tamen
1246 1364 1312 1429 alia

220 1500 297 1562 quae
320 1478 510 1562 prohibeant.
558 1478 640 1544 Nam
667 1479 751 1564 quod
778 1480 854 1544 dicit
875 1480 975 1544 filium
998 1502 1015 1542 a
1038 1487 1124 1564 patre
1148 1501 1310 1556 μεταπεμ-

220 1588 327 1669 Φδῆναι
350 1588 424 1652 facit
446 1595 482 1653 ut
500 1589 537 1653 de
561 1590 667 1655 exsilio
691 1591 786 1675 patris
810 1591 942 1675 cogites,
967 1601 1022 1655 aut
1041 1588 1079 1653 de
1095 1587 1312 1673 expeditione,

219 1697 252 1762 in
281 1721 374 1783 quam
399 1699 506 1785 procul
530 1723 546 1764 a
570 1701 660 1765 domo
684 1703 839 1787 profectus
863 1711 950 1767 esset.
998 1701 1140 1782 Quorum
1162 1709 1314 1764 neutrum

220 1815 290 1874 ante
324 1832 371 1874 res
402 1809 512 1876 Orneis
543 1834 570 1876 a
603 1815 667 1875 416
699 1821 800 1897 gestas
833 1812 961 1898 cogitari
989 1819 1106 1897 potest;
1138 1818 1207 1875 tum
1236 1831 1311 1874 cum
1407 1797 1408 1800 Ἴ

221 1927 320 1984 morte
342 1922 438 2007 patris
461 1922 493 1986 iu
517 1923 717 2007 sequentibus
740 1925 815 1988 haee
839 1924 882 1988 ita
904 1923 1028 2009 copulat
1052 1931 1171 2000 orator,
1193 1927 1313 1985 utnon

222 2031 355 2096 multum
381 2033 528 2118 temporis
552 2034 631 2098 inter
654 2034 733 2098 hanc
757 2041 788 2098 et
810 2034 866 2098 filii
889 2034 1108 2119 profectionem
1130 2031 1313 2096 interfuisse

222 2143 336 2227 possit,
376 2143 550 2208 Alcibiades
582 2153 684 2208 autem
707 2152 793 2229 pater
815 2152 956 2209 mortuus
980 2152 1026 2209 est
1048 2167 1075 2208 a.
1100 2147 1175 2207 tot.
1213 2142 1314 2206 Mitto

211 2258 307 2318 'nunc
331 2275 409 2337 quae
431 2254 469 2318 de
491 2255 547 2318 filii
571 2262 669 2320 aetate
692 2255 816 2320 aliunde
840 2261 997 2333 constant,
1020 2255 1186 2338 dequibus
1202 2260 1315 2338 postea

225 2364 349 2428 videndi
376 2364 462 2429 locus
490 2365 557 2430 erit.
603 2365 735 2451 Reliqua
756 2368 818 2432 iarn
841 2367 914 2430 satis
938 2367 1144 2431 demonstrare
1168 2364 1316 2428 videntur

189 2536 192 2544 .
223 2475 340 2539 Orneas
364 2474 414 2551 bic
437 2498 500 2540 non
523 2476 698 2561 significari.
746 2477 861 2542 Contra
888 2479 925 2542 iis
950 2500 1027 2561 quae
1050 2477 1132 2540 facta
1155 2482 1228 2538 sunt
1253 2475 1315 2539 sub

224 2588 314 2651 finem
346 2584 420 2650 belli
448 2585 719 2671 Peloponnesiaci,
752 2611 848 2673 quum
871 2589 1047 2654 Alcibiades
1071 2594 1140 2673 post
1164 2587 1316 2650 Antiochi

223 2699 426 2763 temeritatem
447 2699 576 2785 imperio
599 2700 659 2787 ipsi
683 2701 829 2787 abrogato
853 2724 909 2765 suo
932 2708 1029 2765 marte
1052 2700 1085 2763 in
1109 2698 1226 2762 Thrace
1251 2698 1317 2762 bel·

224 2810 290 2874 lum
324 2816 459 2894 gereret,
490 2809 600 2894 Lysiae
630 2810 722 2875 verba
745 2812 860 2897 optime
889 2811 1116 2876 accommodata
1139 2816 1220 2873 sunt.
1262 2808 1318 2872 Ibi

224 2920 286 2984 ianr
307 2927 377 2984 ante
395 2941 489 3005 prope
509 2920 679 2985 Bisanthen
695 2922 854 2987 castellum
870 2923 1010 3008 perfugio
1026 2922 1085 2986 sibi
1101 2927 1315 2999 exstruxerat,

226 3037 256 3094 et
279 3053 339 3114 quo
361 3037 497 3115 tempore
520 3054 625 3116 pugna
648 3031 686 3095 ad
710 3034 811 3117 Aegos
833 3032 976 3097 Potamos
999 3033 1078 3097 facta
1102 3038 1148 3097 est
1170 3032 1203 3095 in
1218 3030 1316 3096 Ober-

224 3164 330 3207 seneso
353 3142 482 3206 Thracia
504 3142 690 3208 versabatur.
730 3144 777 3209 of.
803 3144 888 3209 Plut.
913 3145 980 3210 Alc.
1005 3167 1031 3208 o.
1056 3147 1098 3208 36
1123 3151 1154 3207 et
1177 3142 1312 3235 passim,

225 3254 305 3318 Xen.
337 3254 420 3319 Hell.
445 3254 472 3318 I.
498 3257 527 3318 5.
555 3257 605 3321 17.
652 3256 698 3320 Eo
720 3263 872 3342 tempore,
897 3281 979 3321 anno
1003 3259 1066 3323 407
1093 3264 1147 3320 aut
1171 3256 1317 3340 sequenti

122 3398 126 3409 ·
225 3364 308 3428 filius
332 3387 349 3427 a
372 3371 459 3450 patre
482 3365 643 3429 arcessitus
667 3375 713 3431 est
737 3368 956 3454 (μετεπέμφθη)
976 3369 1037 3433 sive
1059 3376 1095 3432 ut
1110 3367 1157 3431 illi
1173 3366 1317 3430 Athenas

226 3476 260 3539 in
290 3483 447 3560 posterum
477 3498 540 3539 non
570 3477 707 3542 redituro
738 3480 851 3543 auxilio
883 3489 963 3544 esset
990 3481 1024 3543 in
1047 3479 1145 3556 bello,
1171 3479 1252 3555 sive,
1279 3485 1318 3541 ut

227 3591 329 3652 orator
357 3594 460 3651 noster
489 3588 591 3653 minus
622 3612 694 3654 sane
725 3591 925 3675 probabiliter
956 3591 1046 3669 dicit,
1078 3598 1203 3675 propter
1231 3588 1318 3654 vitae

226 3692 462 3783 turpitudinem.
508 3700 557 3764 Ab
589 3723 624 3764 eo
655 3708 791 3787 tempore
820 3702 859 3766 ad
882 3710 1011 3767 mortem
1034 3703 1129 3788 patris
1153 3706 1215 3764 tres
1239 3701 1318 3766 anni

226 3816 315 3888 sunt,
340 3811 453 3894 quibus
476 3812 509 3875 in
532 3811 663 3876 vinculis
687 3814 770 3898 apud
793 3794 896 3878 hostes
919 3814 1015 3878 luisse
1039 3813 1139 3877 filium
1161 3811 1242 3876 nibil
1267 3819 1318 3876 est

227 3921 311 4005 quod
341 3921 462 3986 credere
492 3921 663 4007 prohibeat.
710 3923 811 4004 Quem
842 3947 913 3989 vero
944 3925 1047 3989 locum
1079 3921 1252 4008 prodiderit
1285 3930 1318 3988 et

226 4033 339 4119 quibus
346 4082 355 4112 ,
380 4033 534 4118 regulisne
557 4033 703 4100 Thraciae
720 4059 758 4100 an
773 4035 1024 4101 Lacedaemoniis
1040 4036 1171 4113 frustra,
1187 4033 1317 4118 opinpr,

227 4145 392 4230 quaeritur.
440 4144 574 4209 Tantum
597 4146 680 4230 apud
702 4171 751 4212 me
774 4155 895 4213 constat
917 4171 1029 4213 nomen
1053 4147 1134 4229 eius,
1159 4145 1211 4209 cui
1229 4144 1320 4230 oppi-

227 4255 302 4320 dum
331 4254 518 4341 prodiderit,
552 4257 708 4323 exeidisse.
755 4259 913 4324 Sententia
944 4259 1023 4324 enirn
1048 4259 1209 4324 verborum
1232 4256 1319 4336 aava

229 4365 370 4444 Θεοτίμου
392 4394 419 4434 κ.
440 4393 467 4434 τ.
487 4368 509 4433 ἓ.
519 4417 529 4452 ,
553 4368 591 4433 dc
611 4391 672 4453 qua
688 4370 801 4456 ambigi
817 4372 919 4452 video,
937 4371 1011 4436 haec
1027 4377 1088 4435 est:
1105 4391 1226 4453 „quum
1241 4389 1319 4433 oum
