2850 5024
672 350 735 409 '200

161 544 260 615 ἄλλως
281 543 439 619 δημοτικός.
477 544 513 607 In
544 566 605 626 quo
636 545 747 608 servire
771 545 892 610 videtur
916 556 1115 632 argumento,
1139 557 1176 613 ut
1199 551 1256 634 pri·

161 657 271 718 stiuam
296 656 485 718 severitatem
510 655 693 719 iudiciorum
719 657 864 733 extollat,
887 630 1041 742 siquidem
1057 660 1120 722 iam
1138 660 1257 722 Aristo

162 765 277 849 phanes
301 764 373 826 huic
397 770 432 825 ut
446 764 617 844 οοοκεοφόρῳ
640 765 787 828 irridebat
811 774 841 828 11
865 766 938 830 alibi
963 775 993 830 11
1016 769 1048 832 in
1065 769 1257 832 Ecclesiaau·

161 875 202 937 sis
217 876 268 938 71.
292 873 381 937 Hanc
397 871 532 935 fabulam
548 894 618 936 eum
635 872 756 936 doctam
775 896 840 937 esse
853 882 972 938 constet
984 899 1010 939 a.
1026 879 1110 953 393,
1129 885 1257 961 apparet

161 983 401 1056 accusationem,
419 982 469 1043 cui
489 981 542 1065 qui
559 1004 638 1044 anno
655 984 720 1044 846
741 1005 827 1047 senes
845 991 933 1048 erant
946 985 1176 1063 interfuissent,
1193 1009 1256 1051 non

162 1104 233 1156 ante
257 1114 283 1155 a.
302 1094 385 1166 393,
409 1113 509 1173 neque
524 1113 595 1154 vero
612 1092 710 1155 multo
727 1100 797 1175 post
814 1093 986 1157 institutam
1002 1094 1106 1158 fuisse.
1133 1095 1256 1159 Poenae

162 1224 193 1264 se
217 1201 308 1264 exilio
331 1201 516 1277 substraxit,
542 1201 579 1264 ci.
606 1201 693 1264 Deru.
716 1203 733 1284 t
758 1203 831 1264 280.
856 1240 900 1250 —
930 1203 984 1266 Bis
1009 1212 1173 1268 accusatus
1192 1215 1253 1282 est;

162 1310 215 1374 sed
239 1333 274 1373 eo
298 1309 431 1385 iudicio,
456 1310 539 1392 quod
563 1316 634 1374 11111
658 1311 737 1373 hanc
761 1312 930 1375 orationem
956 1312 1097 1376 habitum
1121 1321 1188 1391 est,
1206 1314 1256 1377 ah-

162 1420 282 1483 solutus
312 1422 329 1504 q
359 1423 395 1496 4;
427 1442 462 1482 eo
492 1420 649 1484 referenda
681 1430 726 1484 est
749 1421 908 1486 Plutarchi
931 1424 1065 1487 narratio
1089 1425 1123 1487 111
1147 1424 1253 1506 Pelop.

163 1550 188 1591 e.
215 1531 266 1591 30.
313 1530 484 1590 Accusatus
515 1528 595 1591 enim
627 1529 709 1611 quod
737 1530 896 1612 pecuniam
922 1554 940 1593 a
962 1532 1045 1615 Rege
1069 1533 1252 1616 accepisset,

162 1642 283 1699 tantum
307 1637 407 1700 abfuit
430 1645 467 1700 ut
489 1644 628 1720 negaret,
654 1647 689 1701 ut
713 1640 884 1722 optandum
908 1664 973 1705 esse
989 1642 1207 1719 contenderet,
1229 1642 1255 1704 si

162 1767 216 1828 pro
247 1766 356 1807 novem
392 1745 589 1809 archontibus
621 1768 729 1810 novem
761 1748 855 1830 legati
887 1749 924 1811 ad
948 1749 1063 1833 Regem
1087 1751 1254 1832 quotannis

162 1860 345 1918 crearentur.
394 1852 465 1932 Quo
489 1854 571 1917 dicto
595 1854 647 1917 ille
670 1856 767 1919 risum
790 1858 886 1920 movit
910 1857 1088 1921 auditorum
1111 1865 1143 1921 11
1167 1880 1254 1921 aecu-

162 1965 270 2027 satoris
283 1962 345 2026 tela
356 1963 488 2026 obtudit.
523 1963 629 2026 Altera
645 1964 698 2026 illa
714 1966 884 2042 accusatio,
901 1966 939 2028 ad
956 1988 1048 2048 quam
1064 1967 1140 2030 haec
1157 1969 1255 2031 oratio

162 2072 296 2156 pertinet
319 2094 394 2134 num
418 2093 453 2134 ea
470 2073 532 2154 sit,
554 2072 592 2135 de
612 2094 672 2155 qua
696 2072 778 2157 apud
802 2073 1042 2137 Demosthenem
1065 2097 1166 2138 sermo
1190 2083 1254 2152 est,

162 2204 225 2244 non
247 2181 366 2263 liquido
390 2188 518 2245 constat.

207 2290 291 2370 Quid
323 2292 405 2354 enim
430 2291 567 2374 Epicrati
594 2314 678 2355 nunc
702 2291 854 2355 obiectum
881 2293 974 2357 fuerit
996 2316 1150 2377 nusquam
1175 2294 1256 2357 clare

162 2401 285 2464 dicitur.
333 2401 509 2478 nepotata
541 2401 569 2463 ei
600 2401 720 2463 crimini
751 2400 853 2464 datam
881 2402 974 2464 inisse
999 2424 1033 2465 ex
1057 2405 1074 2485 t
1097 2405 1116 2464 3
1142 2402 1255 2466 efficias

162 2511 256 2593 (ἀλλὰ
287 2511 336 2574 aa}
360 2510 490 2589 πρότερον
515 2509 564 2584 ἤδη
589 2509 696 2589 δώρων
720 2511 889 2594 ἐκρίθησαν).
941 2511 1111 2594 Legatione
1128 2512 1255 2576 functus

162 2641 307 2684 essenon
332 2619 392 2682 uisi
414 2621 431 2703 ξ
456 2622 473 2681 1
498 2618 628 2681 dicitur:
653 2619 852 2699 κατηγόρηται
875 2620 928 2695 μὲν
952 2619 1143 2699 Ἐπικράτους
1167 2622 1255 2685 {aava

162 2732 211 2793 uui
234 2735 289 2793 τῶν
312 2728 568 2806 συμπρεσβευτῶν.
616 2726 675 2792 Sed
700 2750 777 2811 quae
800 2730 833 2792 in
854 2729 974 2812 reliqua
993 2730 1129 2794 oratione
1148 2731 1255 2794 dicun·

162 2847 213 2901 tur
243 2861 306 2902 non
330 2837 483 2922 quadrant
501 2839 534 2901 111
557 2839 674 2922 legatos
694 2839 747 2902 sed
767 2840 800 2902 in
817 2840 1011 2924 demagogos.
1036 2839 1256 2903 Persuaserant

163 2970 251 3031 saepe
268 2947 382 3031 populo
399 2947 521 3010 solitam
541 2947 710 3011 mercedem
726 2948 919 3026 defuturam,
932 2949 992 3012 nisi
1005 2949 1164 3013 damnaret
1177 2971 1255 3031 quos

162 3057 214 3120 isti
237 3057 395 3120 damnatos
419 3062 567 3140 cuperent
590 3058 617 3140 (d
641 3059 689 3139 1);
715 3078 746 3119 se
770 3058 877 3140 populi
903 3057 1076 3121 defensores
1095 3058 1254 3135 dixerant3

163 3168 224 3229 iam
255 3175 344 3230 antea
375 3174 499 3249 propter
531 3165 611 3228 dona
642 3172 766 3248 accepta
797 3187 918 3228 causam
946 3166 1085 3230 dixerant
1117 3168 1178 3250 (2);
1211 3167 1257 3230 di·

164 3275 260 3338 cendo
291 3274 424 3337 valentes
456 3280 487 3336 11
516 3273 627 3357 opibus
652 3295 686 3336 ex
710 3274 834 3338 iudiciis
857 3275 956 3338 illaesi
979 3276 1105 3339 abibant
1128 3278 1191 3359 (6);
1216 3277 1258 3340 ef-

149 3385 314 3459 ·feceraut,
339 3388 375 3444 ut
397 3382 456 3465 ipsi
477 3382 558 3446 bello
582 3382 779 3459 ditescerent,
798 3384 878 3446 cives
895 3393 996 3447 essent
1012 3407 1160 3468 pauperes
1177 3388 1255 3470 (10).

164 3490 210 3554 Eo
233 3514 304 3568 vos,
328 3491 431 3572 inquit
450 3499 563 3572 orator,
583 3490 698 3554 redacti
718 3493 808 3568 estis,
830 3500 882 3569 ut,
903 3495 1041 3575 quamvis
1060 3494 1181 3570 miseri,
1202 3496 1258 3558 1111-

165 3600 306 3663 serabiles
338 3622 399 3662 non
423 3599 605 3675 videamini,
631 3601 719 3683 quasi
741 3601 844 3677 noxii,
869 3601 938 3665 illos
961 3603 1148 3667 miseremini
1171 3604 1258 3668 velut

163 3710 317 3784 insontes,
342 3709 394 3771 isti
418 3731 500 3771 nunc
523 3708 639 3772 domini
663 3709 816 3787 videntur,
842 3732 895 3772 vos
920 3711 998 3774 servi
1018 3714 1094 3795 (13).
1119 3711 1257 3776 Omnino

163 3820 237 3882 haec
260 3841 405 3902 perquam
429 3818 540 3880 similia
563 3826 636 3881 sunt
659 3819 714 3895 iis,
739 3841 817 3901 quae
840 3819 964 3903 Lysias,
988 3843 1044 3905 pro
1068 3820 1139 3884 bon.
1180 3818 1255 3886 Nic.

164 3926 265 3990 fratris
298 3928 373 4009 (18).
408 3928 448 3987 16
481 3934 512 3989 11
543 3923 766 3992 Demosthenes
797 3928 925 4013 Olynth.
954 3933 984 3992 3.
1010 3933 1142 3994 30-32
1166 3932 1258 3995 malis

165 4035 335 4099 oratoribus
367 4036 485 4118 (ῥήτορσι
512 4035 603 4119 Lys,
628 4045 686 4108 τοῖς
709 4039 936 4115 πολιτευομένοις
960 4040 1062 4122 1)1111.)
1087 4041 1256 4118 obiiciunt,

164 4167 221 4208 nee
250 4145 315 4208 ullo
346 4144 437 4207 modo
469 4153 597 4228 possunt
629 4146 666 4209 de
689 4147 798 4230 legatis
828 4149 942 4233 accipi,
967 4170 1096 4231 quorum
1121 4157 1258 4233 potestas

165 4254 248 4317 brevi
272 4255 391 4331 finitur,
416 4254 447 4317 hi
471 4276 533 4317 non
557 4263 686 4339 possunt
709 4255 764 4319 diu
787 4257 885 4320 iuncti
908 4258 988 4321 inter
1007 4280 1039 4320 se
1055 4259 1166 4321 sensim
1182 4281 1259 4342 pau·
