2850 5024
680 378 721 439 to

163 588 255 643 ventu
287 580 381 654 facta,
414 602 448 640 ex
481 601 542 661 qua
573 602 628 642 sua
659 580 769 662 cuique
793 579 873 642 bona
896 579 1111 656 redderentur,
1137 579 1250 642 diserte

161 690 362 755 constitutum
387 697 467 766 erat,
492 705 528 752 ut
551 689 661 761 ancilia
685 691 807 772 utrique
830 698 965 754 maneret
981 691 1162 754 communis.
1192 690 1251 753 Ae-

162 811 209 866 tor
240 824 323 865 reum
357 801 536 877 accusabat,
569 800 651 884 quod
676 802 704 863 vi
728 802 760 864 in
783 801 880 886 ipsius
904 802 1037 886 (actoris)
1061 801 1185 865 domum
1211 802 1251 867 ir-

162 915 294 998 rupisset
324 921 446 998 propter
477 913 618 976 ancillam
647 922 677 976 et
701 912 826 976 vulnera
848 913 907 997 ipsi
930 913 1099 978 inflixisset.
1147 913 1249 993 Quam

161 1014 383 1089 accusationem
414 1032 450 1086 ut
477 1023 632 1108 probaret,
663 1046 783 1087 necesse
812 1023 839 1086 ei
863 1023 1024 1087 videbatur
1046 1047 1157 1108 negare
1179 1047 1250 1088 con·
1303 1102 1309 1111 .

161 1120 346 1200 ciliationem
376 1133 487 1197 factam
511 1134 622 1211 fuisse;
647 1134 752 1197 hostili
775 1133 877 1197 animo
901 1134 1030 1197 alienam
1055 1135 1176 1199 domum
1203 1137 1249 1199 in·

162 1248 286 1311 travisse
310 1269 412 1323 reum,
438 1254 473 1309 ut
496 1246 608 1309 ancilla
632 1246 796 1330 potiretur,
820 1246 852 1309 in
877 1269 969 1329 quam
992 1246 1111 1310 nullum
1136 1227 1182 1311 illi
1198 1247 1249 1311 ius

162 1369 257 1436 esset,
290 1364 373 1421 actor
403 1364 529 1422 conatus
559 1366 623 1422 erat
646 1358 862 1423 demonstrare.
910 1358 995 1422 Haec
1018 1381 1100 1422 nunc
1124 1362 1160 1421 ei
1182 1358 1252 1421 dili·

163 1471 247 1555 genti
278 1491 386 1532 causae
417 1468 658 1533 consideratione
688 1470 761 1532 satis
792 1476 950 1547 constant;
976 1469 1028 1533 sed
1053 1469 1184 1554 primum
1210 1467 1253 1533 le·

163 1582 247 1665 genti
271 1580 345 1644 haec
368 1579 522 1663 quomodo
546 1602 693 1657 cum-ee,
718 1580 755 1643 de
779 1602 840 1663 quo
864 1581 981 1665 agitur,
1000 1580 1181 1644 cohaereant
1196 1581 1254 1644 mi-

161 1693 242 1756 nime
267 1691 461 1776 perspicuum
486 1699 539 1754 est.
587 1689 696 1775 Neque
720 1691 915 1776 haecneque
938 1692 992 1755 illa
1015 1714 1092 1776 quae
1116 1692 1253 1756 sectione

163 1804 252 1867 tertia
275 1803 421 1886 leguntur
445 1809 538 1887 caput
560 1824 668 1866 causae
691 1803 858 1867 continent.
905 1801 987 1866 Nam
1009 1791 1168 1867 fatendum
1184 1811 1251 1881 est,

163 1915 280 1978 etiamsi
303 1913 351 1976 vel
375 1913 504 1977 maxime
527 1920 696 1991 constaret,
722 1914 887 1978 amicitiam
910 1915 1004 1978 fuisse
1027 1915 1202 1979 restitutam
1220 1923 1253 1979 et

163 2026 304 2090 ancillam
332 2046 524 2088 communem
549 2047 612 2088 esse
635 2025 812 2109 utriusque,
837 2032 939 2089 tamen
963 2026 1034 2090 inde
1057 2049 1120 2090 non
1144 2027 1250 2109 sequi,

162 2145 198 2201 ut
228 2144 332 2220 postea
363 2135 428 2198 rixa
458 2157 564 2198 rursus
595 2135 708 2200 oboriri
738 2159 800 2199 non
832 2137 999 2221 potuisset,
1032 2160 1087 2201 nec
1114 2160 1183 2201 reus
1212 2138 1251 2202 ad

164 2270 295 2312 amorem
327 2247 385 2312 sibi
417 2247 553 2311 debitum
583 2247 767 2332 captandum
792 2248 917 2312 domum
941 2249 1103 2312 adversarii
1125 2250 1252 2314 intrare.

163 2358 205 2421 Et
235 2380 304 2421 vero
327 2359 393 2443 ipse
417 2368 518 2421 orator
540 2360 556 2443 ξ
584 2359 620 2422 5:
645 2360 717 2424 ἀλλ’
746 2354 775 2430 ir
799 2361 823 2424 εἰ
846 2359 986 2437 βούλεται
1011 2361 1128 2441 ἐχθρός·
1152 2360 1252 2439 διδωμι

164 2471 223 2549 γὰρ
246 2472 325 2551 κύτῷ
350 2475 451 2535 τοῦτο·
476 2469 666 2548 οὐδὲνγὰρ
691 2470 859 2552 διαφέρει.
894 2471 994 2556 Magis
1011 2471 1171 2556 perspicua
1186 2472 1253 2536 sine

165 2581 366 2645 controversia
391 2581 479 2658 haec,
504 2603 582 2664 quae
596 2580 686 2644 initio
705 2581 850 2644 orationis
866 2581 1028 2666 leguntur,
1046 2583 1256 2668 fueruutpcst

164 2715 272 2756 causae
296 2697 532 2768 enarrationem,
558 2713 636 2777 quae
660 2691 859 2776 praecedebat
883 2699 972 2755 etex
997 2693 1189 2758 accusatione
1214 2695 1254 2760 ad

164 2826 256 2887 quam
279 2801 497 2886 respondetur3
522 2801 576 2865 sed
599 2802 696 2866 maius
719 2810 906 2866 momentum
925 2802 963 2865 ad
980 2802 1253 2871 demonstrandum

164 2938 225 2978 non
249 2914 336 2977 facile
360 2913 470 2978 habere
494 2921 670 2997 potuerunt.
707 2913 810 2993 Quare
828 2936 867 2977 ne
882 2913 914 2977 in
930 2915 1111 3000 refutatione
1127 2915 1253 2999 quidem

166 3027 241 3090 baec
264 3025 397 3111 primurn
419 3025 522 3090 locum
546 3048 712 3111 occupasse
735 3025 924 3090 crediderim.

211 3135 307 3200 Nolo.
323 3159 456 3220 premere
481 3137 684 3222 suspicionem
708 3159 820 3200 nonam
844 3158 967 3222 quoque
991 3137 1155 3201 sectionem
1178 3137 1255 3202 lace·

165 3271 227 3312 ram
253 3269 325 3310 esse.
373 3245 411 3309 In
435 3247 642 3331 superioribus
666 3269 728 3310 non
751 3270 815 3311 rem
839 3255 954 3332 gestam
978 3246 1124 3312 describit
1139 3231 1252 3328 orator,

166 3360 219 3423 sed
242 3381 277 3422 ex
301 3359 452 3442 praesenti
476 3368 610 3444 tempore
637 3367 762 3445 apparet
789 3366 894 3423 notare
916 3359 1006 3424 illum
1030 3381 1127 3424 mores
1151 3359 1256 3423 adver-

166 3472 236 3535 sarii
261 3467 458 3546 marcillac,
483 3469 588 3552 quales
613 3470 704 3555 vuigo
728 3493 760 3533 se
784 3470 946 3534 ostendant
969 3469 1094 3554 (ὀξύχειρ
1117 3471 1184 3535 λίαν
1205 3471 1256 3536 καὶ

165 3583 293 3664 πάροινός
323 3584 399 3646 ἐστιν
422 3617 467 3629 -
489 3581 607 3657 ἀνάγκη
631 3581 655 3645 δ’
669 3583 836 3659 ἀμύνασθαι
858 3619 920 3664 -,
946 3587 962 3658 ἡ
986 3582 1015 3646 δὲ
1036 3582 1102 3647 τοτὲ
1125 3581 1178 3660 μὲν
1200 3584 1254 3660 ἐμὲ

165 3696 227 3776 περὶ
252 3700 379 3775 πολλοῦ,
403 3693 469 3758 τοτὲ
492 3694 521 3758 δὲ
544 3692 642 3759 τοῦτόν
665 3697 928 3780 protectricem),
956 3702 1022 3759 tum
1046 3694 1085 3758 ad
1108 3695 1256 3757 narratio-

165 3831 233 3871 nem
264 3806 389 3871 transit:
422 3805 471 3869 καὶ
503 3806 560 3882 ἐγὼ
591 3807 644 3877 μὲν
674 3807 723 3869 nort
755 3805 787 3882 ἐξ
814 3807 909 3886 ἀρχῆς
933 3805 1056 3876 εὐκόλως
1079 3800 1176 3888 εἶχον,
1201 3806 1253 3870 καὶ

164 3926 211 3983 νῦν
235 3917 276 3982 ἔτι
301 3917 378 4000 ἔχω,
402 3937 463 3998 quo
491 3915 578 3979 facile
607 3914 807 3980 divinandum
831 3915 884 3980 dat
907 3939 938 3980 se
962 3939 979 3980 a
1002 3917 1032 3980 ri
1055 3915 1251 3982 abstinuisse.

164 4032 243 4095 Tum
267 4007 472 4092 aduersarium
495 4028 638 4113 opponit,
670 4028 702 4091 in
726 4050 817 4111 quem
840 4051 929 4093 omne
952 4028 1064 4091 crimen
1090 4028 1252 4093 violentiae

165 4149 228 4208 erat
258 4139 514 4222 retorquendum
544 4139 576 4203 id
599 4140 688 4204 illum
711 4140 864 4204 facturum
888 4148 1042 4226 exspectes
1066 4149 1136 4224 post
1159 4141 1251 4206 rerba

164 4251 223 4321 ὁδ’
240 4254 279 4322 εἰς
309 4256 392 4315 τοῦτο
422 4251 647 4330 βαρυδαιμονίας
678 4250 752 4327 ἥκει,
786 4259 822 4315 ut
845 4259 1014 4338 sequantur
1037 4251 1111 4316 haec
1134 4259 1189 4315 aut
1212 4252 1251 4316 si·

75 4388 79 4395 ·
165 4364 262 4432 milia:
283 4358 349 4425 ὥστ’
367 4362 419 4439 ἐμὲ
439 4360 556 4447 uiuida,
579 4362 628 4426 aa}
648 4362 698 4427 ἐὰν
714 4364 817 4431 ἀδίκων
833 4370 935 4444 χειρῶν
952 4362 1044 4445 ἄρξαις
1061 4363 1184 4444 πληγὰς
1200 4365 1250 4429 ὑπ’
