2850 5024
643 376 790 454 si·

121 601 221 663 neque
243 578 330 643 abest
353 577 501 661 quaedam
525 575 687 640 accusandi
711 575 878 652 calliditas,
904 597 999 659 quum
1023 599 1084 661 quo
1108 579 1206 642 aerius

121 690 288 767 vellioaret,
313 690 473 753 manifesto
489 694 631 772 corrupta
646 689 706 751 iam
723 696 790 752 tum
807 688 973 752 emendatis
991 691 1205 773 praeposuerit.

122 803 161 867 In
191 824 226 865 eo
257 802 347 886 plane
375 803 450 865 mihi
473 801 614 864 convenit
638 822 708 863 oum
730 799 800 879 illo,
825 800 908 884 quod
932 801 1120 885 prooemium
1143 784 1227 865 oras

120 916 231 993 tionis,
265 915 429 978 sectionem
465 915 483 973 t
520 911 730 996 potissimum,
766 911 930 975 obscurum
953 910 1087 988 iudioat;
1111 913 1205 976 nimio

122 1025 224 1090 studio
254 1027 433 1090 artificiosae
464 1023 664 1109 oppositionis
694 1024 737 1086 ita
768 1030 869 1086 orator
900 1031 1057 1088 contortus
1086 1034 1148 1102 est,
1174 1032 1209 1088 ut

121 1139 302 1204 sententiam
325 1159 412 1220 aegre
436 1136 606 1220 expisceris.
654 1135 699 1198 De
722 1135 849 1218 reliquis
872 1158 969 1220 pauca
992 1136 1066 1200 haee
1089 1144 1210 1200 notasse

121 1250 242 1314 suffieit.
288 1248 426 1313 Sectione
459 1250 499 1310 21
532 1245 649 1330 ἄταφον
673 1255 762 1312 ποιεῖν
784 1272 850 1311 τινα
873 1247 980 1339 eodem
1004 1249 1070 1311 iure
1096 1247 1209 1311 dieitur

122 1385 184 1448 quo
206 1360 430 1440 ἀποστράτηγον
453 1365 540 1423 ποιεῖν
563 1383 629 1424 τινα
652 1358 751 1442 (Deru.
770 1361 821 1422 23.
843 1362 923 1436 149,
943 1360 1207 1443 154161φνναδα

121 1475 217 1560 (Hell.
241 1471 297 1537 IV.
325 1476 353 1535 1.
377 1473 438 1548 40,
463 1470 534 1555 Lys.
563 1473 612 1534 13.
635 1471 698 1554 64).
723 1469 858 1555 Lysiasd
874 1473 910 1536 17
926 1471 1049 1536 εἰωθέναι
1062 1492 1209 1555 usurpare

120 1592 257 1673 poterat,
290 1584 342 1648 sed
374 1606 429 1668 pro
460 1605 543 1646 more
574 1605 630 1645 suo
661 1583 775 1647 εῖθίσθαι
807 1585 929 1667 posuit,
954 1583 1046 1648 semel
1070 1591 1208 1660 tantum,

121 1706 271 1786 quantum
302 1696 364 1759 seio
397 1696 438 1778 (3.
464 1696 534 1778 28),
559 1694 643 1778 prius
671 1694 838 1777 perfeetum
863 1693 963 1758 habet.
1002 1696 1083 1780 §53
1108 1695 1210 1760 εἴασαν

122 1810 251 1881 αὐτοὺς
282 1806 419 1871 ἀπελθεῖν
450 1827 521 1869 sane
553 1804 631 1868 male
655 1804 788 1882 diotum3
813 1805 998 1889 quantillum
1021 1813 1123 1869 tamen
1147 1815 1211 1870 erat

122 1919 262 1984 Heokero
289 1917 365 1982 haec
391 1916 576 1981 emendasse.
612 1918 629 2000 t
653 1917 693 1977 86
718 1914 919 1991 ἐξαιτήσονται
942 1916 1106 2001 legendum
1130 1918 1211 1982 vide·

121 2039 188 2108 tnr;
221 2029 258 2093 of.
291 2029 329 2094 ad
357 2052 399 2093 or.
424 2032 465 2093 30
492 2031 551 2112 (et,
576 2035 612 2092 ut
639 2035 747 2113 sponte
770 2027 976 2112 intellegitur,
999 2036 1052 2103 τῆς
1076 2029 1211 2095 τούτων

124 2146 211 2225 πον).
246 2143 263 2227 ᾧ
293 2143 334 2204 88
366 2141 455 2220 πέρας
486 2142 565 2221 ἔχειν
595 2139 669 2210 τινός
702 2162 755 2224 pro
780 2139 937 2204 exclusum
964 2163 1028 2204 esse
1052 2140 1155 2224 aliqua
1177 2163 1210 2204 re

122 2275 185 2317 non
214 2274 356 2337 graecum
387 2260 449 2328 est;
477 2250 595 2333 aliquid
618 2251 693 2314 latet
716 2250 818 2327 aliud,
843 2249 951 2314 dubito
976 2252 1065 2314 etiam
1089 2251 1127 2314 de
1149 2253 1212 2316 οὶτί·

123 2387 195 2441 μους
218 2373 271 2438 τοῖς
295 2363 404 2432 πόλεως
427 2362 611 2435 κατέστησαν
634 2363 651 2445 d
675 2363 731 2437 21,
756 2383 825 2424 nam
847 2370 900 2436 τοῖς
917 2359 1026 2433 πόλεως
1042 2384 1114 2425 sane
1130 2384 1212 2447 pror·

123 2498 176 2539 sus
206 2482 302 2539 vacat.
348 2473 543 2557 Quamquam
574 2474 606 2536 in
635 2473 809 2536 istiusmodi
841 2473 930 2537 rebus
962 2476 1102 2539 cautione
1126 2483 1212 2539 uten-

124 2588 199 2651 dum
229 2594 322 2672 puto,
359 2587 413 2670 qui
447 2586 539 2648 seiam
569 2584 679 2669 Lysiae
707 2585 767 2649 alia
798 2608 920 2670 quoque
951 2589 1024 2650 satis
1047 2587 1211 2651 insolentia

125 2696 272 2776 adscribi,
305 2719 383 2781 quae
411 2705 513 2760 tamen
537 2696 714 2780 corrigenda
736 2717 799 2759 non
822 2698 901 2774 sint,
926 2697 1011 2761 velut
1033 2697 1211 2776 μεταπορεύ·

124 2811 205 2874 εσθαι
228 2811 334 2889 ἔχθραν
358 2830 412 2892 pro
435 2809 647 2888 μετέρχεσθαι,
673 2810 725 2870 31.
751 2810 769 2868 2
795 2816 825 2871 et
847 2808 961 2872 ibidem
984 2813 1005 2872 4
1025 2809 1141 2888 ἀπειρία
1159 2829 1212 2892 pro

124 2920 265 3000 μέγεθος,
285 2929 321 2984 ut
351 2944 367 2983 a
399 2919 545 3003 suspectis
577 2918 765 2983 orationibus
790 2919 967 3001 abstineam.
1016 2920 1095 2983 Mihi
1118 2920 1213 2983 tantis

125 3033 291 3097 virtutibus
315 3031 459 3095 excellere
483 3030 604 3095 videtur
628 3031 725 3094 oratio
748 3032 780 3094 in
803 3031 1050 3109 Eratosthenem,
1063 3038 1125 3095 tam
1147 3054 1213 3094 nar·

124 3144 251 3208 rationis
282 3143 450 3220 evidentia,
487 3164 577 3226 quam
609 3142 877 3206 demonstrationis
902 3142 1071 3207 subtilitate
1095 3150 1125 3206 et
1148 3164 1213 3205 sen·

124 3255 290 3318 tentiarum
322 3255 488 3339 gravitate,
521 3262 556 3317 ut
580 3277 674 3338 quum
698 3261 858 3339 propterea
881 3253 1039 3340 Lysiaoam
1063 3253 1210 3330 iudicem,

126 3367 152 3430 si
175 3388 237 3450 qua
259 3365 456 3451 probabilitas
480 3350 732 3449 palaeographica
756 3365 935 3430 ostendatur
951 3366 1139 3430 emendanda
1155 3367 1210 3443 sit,

125 3499 188 3542 nou
211 3484 357 3560 tanquam
379 3477 478 3539 foetus
502 3474 684 3539 subditioius
708 3475 896 3560 exponenda.

170 3591 188 3673 b
207 3592 236 3652 5.
260 3589 356 3653 ἐπειδὴ
372 3588 396 3651 δ’
414 3589 438 3651 οἱ
457 3586 610 3667 τριάκοντα
631 3586 738 3667 πονηροὶ
756 3588 809 3664 μὲν
828 3588 876 3650 καὶ
890 3588 1071 3669 συκοφάνται
1084 3588 1161 3660 ὄντες
1173 3591 1212 3660 εἷς

125 3703 178 3777 τὴν
207 3702 301 3782 ἀρχὴν
328 3699 530 3783 κατέστησαν,
555 3699 720 3781 φάσκοντες
744 3701 774 3764 δὲ
789 3705 900 3779 ’χρῆναι
924 3706 979 3763 τῶν
1002 3700 1105 3764 diluuia
1131 3700 1211 3782 (fort.

126 3814 308 3896 ἀδικούντων)
333 3812 461 3890 καθαρὰν
484 3819 600 3884 ποιῆσαι
624 3814 675 3886 τὴν
700 3813 783 3876 πόλιν
806 3812 853 3876 καῖ
878 3813 942 3883 τοὺς
962 3813 1077 3883 λοιποὺς
1090 3812 1212 3884 πολίτας

127 3925 175 3990 ia)
197 3925 300 4006 ἀρετὴν
324 3923 372 3987 καὶ
397 3921 572 3997 δικαιοσύνην
595 3924 754 4001 τραπέσθαι
779 3922 809 4006 (l.
834 3922 1038 4002 προτρέπεσθαι
1051 3947 1121 3987 oum
1133 3924 1214 4009 Kay·
1248 3959 1250 3963 ·

128 4040 206 4121 sero)
237 4035 287 4100 καὶ
311 4039 433 4099 τοιαῦτα
451 4033 588 4110 λέγοντος
607 4037 637 4098 οὐ
658 4040 782 4099 τοιαῦτα
793 4042 881 4098 ποιεῖν
893 4035 1038 4115 ἐτόλμων,
1051 4039 1087 4107 ὡς
1099 4039 1157 4112 ἐγὼ
1169 4075 1212 4086 -

128 4147 191 4227 περὶ
222 4152 277 4219 τῶν
309 4144 448 4224 ὑμετέροιν
480 4145 582 4228 (ὑμᾶς)
613 4148 779 4222 ἀναμνῆσαι
810 4144 993 4226 πειράσομαι.
1040 4147 1121 4211 Fieri
1152 4173 1213 4212 non

130 4266 248 4343 potest,
272 4264 309 4319 ut
331 4256 360 4320 δι’
384 4264 453 4339 post
475 4253 639 4335 Φασκοντες
664 4258 806 4340 positum
820 4259 929 4340 iungat
951 4260 1059 4338 πονηροὶ
1084 4260 1160 4331 ὄντες
1185 4272 1215 4325 et

129 4372 312 4451 φάσκοντες,
337 4367 420 4451 quod
444 4366 601 4451 apparebit
625 4369 649 4430 si
674 4368 747 4432 liaeo
770 4372 801 4431 in
826 4378 936 4432 rectam
961 4373 1130 4435 orationem
1147 4395 1215 4435 con-

1075 4489 1095 4544 6
