2850 5024
682 398 744 460 114

171 594 371 659 Marklandus
403 595 578 680 postulabat
607 596 746 673 ἐγκαλεῖν
773 596 942 677 Παμφίλῳ,
969 595 1168 681 quodetiam
1192 618 1262 660 sen·

169 709 265 770 tentia
288 706 527 771 commendatur.

213 820 230 903 d
254 820 282 881 6.
330 819 481 883 δεινὸν-
502 819 569 890 τοὺς
591 817 773 896 στρατηγοὺς
798 853 843 866 -
865 820 906 896 μὴ
929 816 966 882 ῶν
988 827 1136 894 τολμῆσαι
1156 818 1260 899 aphs-

108 981 114 1007 ,
169 952 212 1007 οον
242 933 321 1007 ἡμῶν
352 932 535 1007 ἡγήσασθαι,
567 927 619 1002 ἕως
649 929 686 994 διν
719 929 957 1007 ἐδοκιμάσθησαν.
1016 929 1084 993 Hoo
1113 929 1259 995 Dobreus

169 1041 236 1104 iure
260 1041 413 1106 soloeeum
436 1049 566 1126 putam,
590 1041 717 1125 requirit
733 1048 785 1106 out
799 1037 850 1113 ἕως
866 1041 1112 1119 ἕδοκιμοθσθκσαν,
1135 1050 1188 1108 out
1204 1041 1259 1116 ἕως

171 1149 207 1215 ῶν
233 1151 456 1229 δοκιμασθῶσιν,
481 1161 533 1218 out
554 1151 605 1225 ἕως
628 1152 831 1229 δοκιμασθεῖεν.
878 1151 1009 1216 Difficile
1033 1163 1079 1217 est
1103 1161 1185 1218 certo
1213 1154 1259 1218 di-

168 1284 234 1325 cere
258 1261 333 1347 quid
355 1286 428 1326 usus
444 1263 568 1348 linguae
585 1270 691 1348 poseat
707 1263 740 1325 in
756 1262 995 1326 conformatione
1012 1265 1159 1328 orationis
1176 1287 1258 1349 quae

170 1395 231 1436 11011
255 1375 347 1437 nimis
370 1375 510 1458 frequens
535 1382 595 1452 est,
620 1375 797 1459 praesertim
821 1374 981 1440 dubitante
997 1383 1085 1441 tanto
1101 1377 1185 1454 viro,
1203 1376 1260 1440 sed

169 1489 270 1547 tamen
301 1484 435 1548 seeunda
458 1485 645 1548 constructio
669 1483 727 1547 1100
751 1484 818 1547 1000
841 1485 918 1548 mihi
941 1486 1065 1550 ferenda
1088 1510 1151 1552 non
1174 1488 1260 1553 vide-

169 1602 235 1673 tur3
267 1618 336 1659 nam
369 1618 405 1659 ex
434 1595 492 1658 hac
523 1595 674 1659 sententia
704 1603 803 1659 reeta:
834 1598 885 1661 οὐκ
914 1595 950 1662 διν
981 1602 1128 1681 σολμῷεν,
1152 1599 1201 1663 vel
1226 1601 1259 1665 οὐ

169 1709 360 1785 τολμήσουσιν
387 1703 439 1778 ἕως
469 1705 505 1771 διν
534 1706 738 1784 δοκιμασθῶσιν
769 1714 871 1791 potest
894 1708 1022 1772 existere
1044 1710 1124 1787 λέν-ιο
1146 1714 1196 1775 οὐκ
1221 1710 1260 1776 ῶν

169 1821 328 1895 τολμῶν,
353 1816 404 1890 ἕως
428 1817 464 1883 θον
487 1818 709 1894 δοκιμασθῶσιν,
735 1816 788 1881 sed
812 1816 983 1881 dubitativa
1006 1819 1060 1882 illa
1080 1820 1176 1885 forma
1191 1844 1260 1886 ora·

169 1929 262 1992 tionis
295 1932 421 2011 (σολμῶν
447 1927 494 2013 θον)
518 1951 624 2014 parum
648 1929 790 1992 convenit
815 1951 884 1992 oum
909 1929 1010 2004 δεινόν,
1035 1931 1119 2016 quod
1142 1955 1262 1998 asseve-

169 2042 315 2105 rationem
341 2041 486 2104 oontinet.
532 2039 605 2104 Non
629 2039 717 2103 aliter
740 2039 805 2103 fieri
828 2050 946 2125 potest,
972 2042 1048 2124 quin
1070 2044 1112 2120 pt
1135 2042 1172 2108 θον
1190 2062 1261 2112 τολ-

169 2160 263 2230 μῆσαι
294 2160 401 2216 natum
434 2152 474 2215 sit
505 2174 541 2215 ex
572 2154 622 2216 οὐκ
649 2151 685 2216 θον
711 2151 892 2236 ἐσθλμκσαν,
917 2158 987 2235 post
1010 2153 1093 2236 quod
1116 2156 1262 2240 sequitur

168 2263 221 2337 ἕως
244 2265 488 2344 εδοκιμοθσθνσαν,
513 2264 539 2326 si
561 2270 689 2348 urgetur
712 2263 793 2327 sumi
809 2263 1022 2327 tautummodo
1038 2265 1173 2348 aliquid,
1191 2289 1261 2333 rem

170 2399 228 2440 αοα
259 2398 324 2439 esse
354 2375 475 2438 factam.
522 2373 560 2437 Id
591 2373 745 2437 lenissima
767 2375 955 2452 mutatione,
981 2376 1091 2439 omisso
1114 2375 1151 2441 ῶν
1174 2378 1262 2460 (ante

170 2487 222 2571 ἐδ.)
245 2487 367 2550 restitui
390 2493 500 2570 potest.
547 2484 734 2549 Praeferrem
757 2491 859 2549 tamen
882 2485 1087 2563 δοκιμασθεῖεν.
1123 2491 1169 2554 Οὐ
1189 2493 1262 2573 ποθ-

169 2623 246 2681 σερον
270 2597 321 2669 ἕως
344 2604 499 2681 praeterea
521 2594 628 2680 Lysias
652 2595 744 2660 habet
769 2598 820 2659 12.
847 2599 886 2662 71
913 2604 943 2661 et
967 2600 1019 2660 25.
1045 2601 1097 2663 26.

213 2710 252 2773 In
275 2709 379 2774 eadem
404 2709 537 2772 seotione
557 2708 657 2792 pergit
673 2707 780 2791 (δεινὸν)
801 2708 989 2787 Ἀλκιβιάδην
1001 2709 1031 2773 δὲ
1041 2714 1159 2788 τολμῶν
1172 2716 1260 2794 νοαροὶ

169 2823 235 2894 τοὺς
259 2831 311 2896 τῆς
334 2822 444 2894 πόλεως
467 2821 569 2898 νόμους
593 2819 641 2891 ὑπ’
664 2823 757 2884 αὐτῶν
781 2822 937 2900 ταχθῆναι.
978 2821 1173 2886 Postremum
1193 2846 1263 2888 ver·

170 2934 243 2998 bum
267 2933 358 2997 habet
381 2932 549 2996 factitivam
572 2931 650 2993 vim:
675 2931 739 3015 pati
762 2953 786 2992 s.
803 2930 908 2995 iubere
925 2954 956 2995 se
973 2931 1132 3011 collocari3
1150 2956 1213 3018 qua
1230 2935 1262 2998 vi

173 3047 264 3110 etiam
288 3044 418 3109 subinde
442 3046 589 3116 πεισθῆναι
613 3042 710 3126 aeeipi
733 3049 843 3126 potest.
891 3042 951 3106 Sed
973 3045 1072 3108 multo
1095 3045 1171 3108 mihi
1192 3067 1264 3129 pro-

172 3156 304 3220 babilius
328 3162 375 3219 est
399 3155 489 3219 verba
512 3154 562 3218 ὑπ’
586 3157 680 3218 αὐτῶν
705 3175 768 3216 esse
792 3152 937 3232 delenda,
962 3166 998 3218 ut
1019 3158 1165 3236 ταχθῆναι
1194 3156 1264 3221 vul·

170 3269 235 3352 gari
258 3268 399 3329 reflexiva
422 3267 451 3328 vi
476 3265 606 3328 dicatur.
642 3264 871 3349 Adseripseram
896 3265 969 3329 huie
992 3267 1059 3330 loeo
1084 3267 1174 3331 olim:
1198 3276 1264 3346 „ut

171 3400 251 3455 „sua
282 3378 327 3439 vis
356 3384 435 3440 esset
465 3376 651 3461 oppositioni
681 3376 855 3440 addendum
883 3385 947 3442 erat
970 3379 1164 3459 ἀδοκίμαστον
1172 3379 1203 3452 ,”
1228 3382 1263 3445 in

172 3488 314 3571 idemque
345 3495 451 3572 postea
482 3486 682 3550 animadverti
705 3487 765 3550 iam
792 3486 948 3553 Dobreum
974 3490 1126 3555 incidisse.
1173 3490 1263 3557 Num

169 3620 239 3663 vero
273 3597 311 3662 ab
343 3605 466 3662 auctore
497 3597 635 3660 additum
663 3597 772 3674 suerit,
797 3596 923 3676 dubit03
948 3599 1047 3664 verbis
1071 3602 1152 3665 enim
1175 3604 1262 3685 παροδ

169 3710 234 3779 τοὺς
258 3708 357 3786 νόμους
381 3708 442 3772 iam
466 3707 641 3770 continetur
664 3706 859 3789 aliquatenus
882 3709 915 3773 τὸ
939 3711 1143 3788 ῶδοκίμασσον.

213 3822 230 3904 ᾧ
255 3822 304 3882 11).
351 3821 508 3895 μέλλοντος
528 3818 729 3900 ψηφίσασθαι.
762 3818 808 3881 De
828 3820 928 3896 μέλλω
945 3844 1017 3885 oum
1033 3825 1144 3889 aoristo
1161 3827 1264 3892 multa

169 3930 242 3993 olim
272 3953 289 3993 a
319 3929 473 3994 Lobeokio
498 3929 535 3992 ad
560 3928 788 4014 Phrynichum,
814 3937 844 3993 et
868 3954 1008 4016 nupera
1032 3935 1148 4000 Cobeto
1172 3936 1262 4002 diota

171 4049 262 4120 sunt,
287 4065 366 4126 quae
388 4042 466 4106 nihil
490 4041 601 4104 attinet
624 4047 767 4124 repetere.
812 4041 969 4120 Quamdiu
985 4048 1123 4132 exempla
1139 4055 1263 4113 exstant

172 4152 291 4235 qualia,
323 4161 358 4217 ut
387 4153 425 4216 de
448 4151 556 4215 multis
580 4174 676 4235 pauca
700 4151 838 4229 afferam,
864 4162 936 4218 sunt
958 4155 1037 4222 Plat.
1062 4158 1155 4244 Gorg.
1182 4162 1259 4224 525.

171 4262 208 4326 11.
231 4263 337 4341 μέλλει
360 4265 483 4328 ἐλθοῦσα
504 4265 666 4335 ανασλῆναι
690 4263 731 4326 τοὶ
754 4265 930 4342 προσήκοντα
952 4267 1030 4344 arida
1053 4279 1082 4332 et
1105 4272 1159 4333 Ar.
1176 4270 1257 4335 th.

172 4376 274 4437 1160:
306 4373 386 4458 κᾷτα
417 4375 574 4452 μέλλοντος
597 4373 704 4450 λαβεῖν
728 4395 790 4436 non
813 4373 941 4439 inducar
963 4385 999 4440 ut
1021 4379 1175 4444 soloeoum
1195 4382 1257 4445 exi·
