2850 5024
688 353 749 412 199

171 544 359 608 Rectissime.
405 545 529 608 Transit
552 547 776 610 constructio.”
822 546 954 610 Videtur
976 548 1084 627 οίΦίετε
1108 570 1163 632 pro
1186 548 1264 611 indi·

171 653 271 715 cativo
303 653 445 718 habuisse
475 661 505 717 et
535 656 677 719 retulisse
707 657 808 719 locum
841 655 879 719 ad
910 656 995 719 illam
1018 657 1198 721 brevitatem
1222 658 1264 719 lo·

172 763 302 844 quendi,
335 787 398 848 qua
427 766 553 829 verbum
588 788 649 849 quo
675 767 808 849 pertinet
830 768 873 844 μή
896 766 1111 850 supprimitur,
1136 767 1264 850 eiusque

169 873 255 934 notio
284 895 320 936 cx
344 875 544 956 sequentibus
567 875 733 958 repetenda
756 884 811 938 est.
859 873 945 939 Infra
969 878 1021 938 31.
1047 879 1085 938 9:
1115 878 1145 939 οὐ
1171 879 1263 940 τοίνυν

170 980 228 1044 οὐδ’
250 978 343 1062 ὥσπερ
367 983 432 1047 ἔνιοί
456 985 559 1068 [τινες]
583 990 639 1048 τῶν
661 990 786 1048 πολιτῶν
809 983 1031 1066 μετεβάλοντο,
1059 984 1157 1054 ἐπειδὴ
1176 984 1263 1061 ἑώρων

170 1088 236 1160 τοὺς
263 1089 323 1152 ἀπὸ
351 1101 449 1165 Φαλῆς
473 1088 503 1155 ε’ν
525 1089 564 1164 οἷς
587 1092 729 1173 ἔπραττον
752 1096 970 1175 εὐτυχοῦντας,
995 1094 1016 1156 i.
1041 1115 1067 1156 e.
1093 1094 1154 1158 οὐδὲ
1176 1117 1263 1170 μετε-

169 1195 301 1275 βοίλετο,
325 1197 419 1279 ὥσπερ
443 1201 504 1265 ἔνιοι
529 1201 676 1275 ἐποίησαν.
724 1202 804 1266 Plat.
829 1201 932 1285 Symp.
961 1205 1031 1266 179.
1056 1202 1101 1265 E:
1126 1204 1263 1278 inclausa

169 1306 217 1369 τὸν
241 1307 362 1371 θοίνατον
386 1312 475 1374 αὐτοῦ
500 1311 554 1373 ὑπὸ
577 1319 720 1386 γνναικὶιν
744 1312 895 1387 γενέσθαι,
920 1313 978 1390 οὐχ
1000 1308 1094 1390 ίίσπερ
1111 1312 1263 1391 Ἀχιλλέα

169 1413 217 1478 τίν
241 1424 293 1489 τῆς
317 1416 433 1488 Θέτιδος
457 1418 514 1481 cliv
537 1419 697 1499 ἐτίμησαν,
720 1420 741 1481 i.
760 1442 786 1482 e.
806 1422 855 1483 οὐκ
870 1419 1031 1496 ἐτίμησαν,
1048 1421 1085 1490 ὡς
1099 1418 1261 1499 Ἀχιλλέα.

169 1525 267 1589 Thuc.
282 1526 355 1590 VH.
378 1530 431 1590 44.
454 1530 491 1590 3:
516 1529 602 1607 ἑώρων
626 1527 649 1591 θ’
675 1527 763 1600 οὕτως
785 1530 933 1603 νίλλνίλονς
955 1532 992 1600 ὡς
1011 1531 1040 1593 ἕν
1062 1529 1167 1608 σελνίνρ
1189 1527 1262 1598 εἰκὸς

169 1637 220 1709 τὴν
250 1639 303 1707 μὲν
329 1635 394 1715 ὄψιν
425 1641 475 1700 τοῦ
506 1636 643 1710 σώματος
670 1641 806 1717 προορᾶν,
833 1638 885 1712 τὴν
908 1637 938 1701 δὲ
961 1643 1065 1714 γνῶσιν
1087 1642 1138 1702 τοῦ
1162 1637 1261 1701 οἰκείου

170 1745 372 1826 ἀπιστεῖσθαι,
404 1746 458 1808 ubi
489 1745 561 1816 είκίς
593 1747 686 1809 traxit
716 1745 755 1808 ad
784 1768 815 1808 se
846 1767 924 1828 quae
948 1745 1153 1809 construenda
1176 1752 1277 1809 erant'

168 1875 238 1916 cum
260 1855 347 1931 ἑώρων
369 1852 458 1924 οὕτως
465 1903 474 1935 ,
498 1876 607 1937 nempe
630 1853 704 1918 ὥστε
729 1857 848 1933 προορᾶν
872 1853 943 1934 μέν,
963 1854 1149 1918 ἀπιστεῖσθαι
1165 1855 1194 1919 δὲ
1209 1856 1261 1928 τὴν

167 1971 280 2039 γνῶσιν.
317 1965 410 2028 Arist.
443 1964 523 2047 Equ.
555 1967 636 2029 783:
660 1967 691 2028 οὐ
717 1964 860 2045 φροντίζει
889 1970 1016 2043 σκληρῶς
1043 1989 1077 2027 σε
1103 1966 1261 2042 καθήμενον

166 2070 267 2153 οὕτως,
292 2077 350 2152 οὐχ
372 2073 465 2153 ὥσπερ
488 2075 546 2150 ἐγὼ
568 2073 737 2153 ρἀψοίμενθς
761 2097 803 2136 σοι
825 2073 905 2137 τουτὶ
928 2074 1005 2152 Φέρει
1029 2073 1050 2136 i.
1075 2095 1101 2136 e.
1126 2073 1188 2137 οὐδὲ
1204 2073 1259 2153 Φέ-

166 2206 223 2261 ρει,
249 2181 342 2260 ιὶίσπερ
365 2184 423 2260 ε’γθν
446 2189 525 2248 ποιῶ.
573 2182 720 2246 Similiter
741 2181 848 2245 Livius
871 2188 952 2246 sicut
973 2182 1027 2245 lib.
1052 2181 1171 2245 XXIV.
1197 2184 1257 2244 25:

167 2296 220 2366 „et
246 2312 309 2353 non
335 2291 428 2354 ferme
453 2291 565 2354 desunt
587 2292 700 2354 irarum
723 2290 919 2374 indulgentes
941 2290 1085 2354 ministri.
1106 2327 1151 2337 -
1172 2289 1259 2352 Sicut

165 2405 256 2474 „tum
270 2399 422 2481 extemplo
440 2407 592 2482 praetores
608 2399 799 2481 rogationem
814 2398 1073 2483 promulgarunt’'
1088 2421 1143 2483 pro
1155 2399 1258 2477 „sieut

165 2514 256 2583 „tum
279 2516 451 2590 praetores,
476 2511 530 2591 qui
546 2509 812 2595 promulgarunt.''
843 2509 958 2572 XLIV.
977 2513 1036 2586 41,
1054 2508 1108 2572 ubi
1124 2508 1258 2592 phalanx

166 2615 365 2680 describitur:
390 2619 438 2693 „si
461 2656 506 2666 -
529 2618 567 2682 ab
590 2619 684 2682 latere
707 2657 752 2667 —
774 2619 929 2681 turnultus
948 2656 993 2666 -
1013 2619 1180 2700 increpuit,
1197 2618 1258 2680 rui-

164 2747 244 2801 ,‚nae
273 2726 365 2788 modo
388 2726 570 2803 turbantur,
595 2727 675 2790 sicut
697 2735 765 2791 tum
789 2726 933 2790 adversus
957 2727 1134 2789 catervatim
1157 2727 1258 2789 incur-

164 2841 288 2911 „rentes
318 2834 471 2897 Romanos
495 2874 541 2884 —
564 2837 684 2900 obviam
716 2837 760 2899 irc
791 2835 1017 2920 cogebantur,”
1050 2856 1121 2918 pro:
1153 2835 1257 2911 „sicut

164 2951 254 3019 „tum
286 2943 507 3021 turbabantur,
540 2946 615 3008 dum
638 2945 759 3008 obviam
781 2945 825 3008 ire
849 2942 1034 3028 coguntur.''
1080 2943 1140 3007 Sed
1161 2951 1198 3008 ut
1212 2967 1257 3008 re-

165 3053 253 3116 deam
276 3053 315 3116 ad
338 3053 477 3138 Lysiam,
503 3056 546 3118 sic
569 3053 717 3131 εἰθισμένοι
740 3055 807 3118 ε’στέ
831 3054 936 3117 abesse
959 3052 1108 3129 debebat,
1133 3060 1164 3117 et
1186 3076 1256 3118 con·

164 3163 319 3226 iunctivus
351 3164 456 3226 aoristi
486 3163 662 3240 ἐξελέγξητε
692 3184 756 3227 non
783 3169 874 3246 aptus
897 3162 992 3239 foret,
1018 3163 1072 3244 qui
1094 3162 1255 3225 manifesto

164 3272 269 3349 docet,
301 3272 339 3335 de
367 3296 399 3336 re
427 3273 555 3337 instanti
579 3295 749 3336 sermonem
773 3295 846 3335 esse.
882 3272 943 3335 Pro
967 3272 1032 3342 τοιίς
1056 3271 1115 3354 leg.
1139 3271 1254 3342 αὐτούς.

208 3381 367 3464 Epicrates
382 3387 569 3444 memoratur
581 3404 599 3444 a
611 3380 818 3444 Demosthene
832 3380 870 3444 de
882 3380 949 3443 fals.
963 3381 1022 3463 leg.
1035 3381 1052 3464 b
1065 3382 1251 3444 att-280.

163 3490 336 3553 Damnatus
361 3500 407 3554 est
430 3513 500 3554 cum
525 3493 614 3556 sociis
638 3491 802 3575 legationis
825 3497 943 3567 morte,
968 3489 1052 3574 quod
1075 3489 1152 3552 falsa
1174 3498 1254 3552 retu·

162 3599 287 3675 lisseol,
324 3600 422 3662 socios
458 3623 511 3684 per
547 3599 731 3663 calumniam
763 3606 957 3663 accusassent
988 3599 1253 3682 (κατεψεύσαντο),

163 3707 245 3770 dona
268 3709 465 3792 accepissent.
514 3709 560 3772 Ea
583 3710 736 3773 accusatio
763 3709 863 3772 multo
887 3715 958 3771 ante
979 3729 1005 3769 a.
1024 3709 1105 3782 346,
1124 3728 1186 3789 qno
1202 3706 1255 3769 ha-

163 3817 228 3880 bita
250 3823 296 3879 est
327 3818 423 3881 oratio
451 3818 514 3898 περί
547 3818 809 3898 παραπρεσβείας,
842 3817 923 3880 facta
952 3821 1031 3891 erat;
1062 3817 1078 3897 p
1102 3817 1185 3879 277:
1216 3817 1253 3886 ὥς

163 3927 220 4000 ἐγὼ
249 3931 305 3989 τῶν
337 3927 536 4006 πρεσβυτέριον
559 3928 662 3992 οίκοιίω.
689 3929 771 3989 280:
795 3926 819 3989 oi
844 3924 874 3989 δέ
896 3948 970 3995 τινες
994 3927 1088 3988 αὐτῶν
1112 3925 1179 4006 (τῶν
1202 3946 1254 3987 κα-

163 4036 366 4113 ταγνροιίντων
386 4035 589 4121 Ἐπικροίτονς)
612 4035 654 4100 ἔτι
679 4035 791 4115 ζῶντες.
816 4034 1041 4119 -Epicrates
1066 4033 1130 4116 ipse
1154 4054 1171 4094 a
1193 4032 1254 4096 De·

164 4143 323 4207 mosthene
346 4145 459 4209 dicitur
482 4149 509 4229 (b
533 4148 609 4229 277)
631 4146 701 4223 ανὴρ
728 4144 880 4215 σπουδαῖος
908 4143 957 4207 καί
986 4144 1087 4207 πολλοὶ
1107 4144 1251 4222 χρήσιμος

164 4262 203 4332 τῇ
236 4253 319 4318 πόλει
351 4255 399 4317 καί
430 4261 486 4319 τῶν
517 4256 550 4318 ἐκ
579 4259 717 4334 Πειραιῶς
741 4252 976 4329 καταγαγόντων
1000 4251 1048 4315 τὸν
1070 4250 1177 4328 δῆμον,
1202 4251 1251 4315 καί
