2850 5024
678 383 743 443 214

167 581 210 643 sic
234 580 474 643 Strombichides
498 581 597 664 capite
620 577 784 641 damnatus
804 597 869 639 esse
893 576 1092 660 significatur.
1126 576 1175 638 De
1198 575 1267 639 Gal-

165 689 260 766 liade,
286 712 377 772 quem
400 691 496 754 nobili
513 689 655 756 classium
673 688 743 751 duci
761 686 981 751 Strombiohidi
996 687 1046 770 (cf.
1060 687 1264 766 'l'hucVHL
1311 734 1314 739 ·

167 799 289 883 passim)
321 800 476 883 adiungit,
508 799 586 862 nihil
620 805 728 860 notum
759 804 822 872 eat,
858 796 916 859 nisi
948 797 1032 879 quod
1061 795 1144 860 filius
1169 797 1266 861 fuisse

167 919 267 995 potest
302 910 417 973 Calliae
448 909 594 972 (lalliadis
628 908 700 984 filii,
733 907 786 990 qui
818 905 882 970 dux
912 906 972 969 luit
1006 906 1045 968 ad
1080 905 1262 970 Potidaeam

164 1021 272 1104 (Thac.
298 1020 323 1082 l.
350 1022 415 1102 61).
463 1018 555 1098 Quod
587 1042 605 1081 a
636 1017 841 1102 Xenophonte
865 1021 995 1098 uterque
1019 1016 1176 1079 omittitur
1199 1039 1262 1080 non

165 1131 285 1194 mirum.
333 1129 468 1192 Omnino
496 1129 626 1192 historia
649 1128 777 1212 triginta
801 1127 934 1190 virorum
958 1127 989 1188 iu
1014 1125 1186 1190 Hellenicis
1211 1125 1264 1189 ad-

164 1239 288 1303 modum
313 1239 460 1301 lacunosa
484 1246 546 1314 est,
572 1237 635 1301 sive
658 1236 742 1320 quod
766 1237 797 1298 in
817 1235 933 1299 recenti
948 1235 992 1299 rei
1007 1236 1155 1299 memoria
1171 1237 1259 1320 ignes

165 1349 222 1413 sub
246 1350 346 1412 cincre
369 1348 500 1411 latentes
524 1347 671 1410 suscitare
694 1345 796 1409 noluit
820 1345 994 1429 Xenophon
1018 1347 1102 1427 (nam
1126 1346 1261 1430 priorem

167 1458 396 1522 Hellenicorum
428 1467 546 1541 partem
577 1456 675 1521 multo
707 1463 777 1519 ante
809 1454 953 1531 alteram,
986 1477 1064 1538 quac
1092 1455 1222 1540 incipiat
1245 1480 1264 1519 a

164 1567 242 1630 libro
267 1567 374 1643 tertio,
399 1568 543 1650 scriptam
564 1589 629 1630 esse
647 1563 820 1629 Niebuhrio
840 1565 1018 1648 assentior),
1039 1564 1103 1628 sive
1121 1565 1206 1648 quod
1223 1566 1261 1628 ad

164 1676 376 1741 liberationem
400 1677 514 1761 patriae
535 1675 784 1752 describendam,
805 1674 962 1738 laetiorem
981 1674 1065 1738 illam
1086 1676 1262 1754 materiam,

165 1787 285 1850 animus
304 1786 494 1872 properabat.
531 1786 590 1850 Sed
611 1785 710 1848 multo
729 1784 836 1869 plura,
858 1805 950 1867 quam
969 1783 1089 1861 fecerit,
1108 1807 1180 1849 eum
1196 1809 1264 1849 nar·

164 1919 231 1959 rarc
255 1897 408 1981 potuisse,
432 1904 558 1982 apparet
576 1918 611 1959 ex
628 1895 766 1959 oratione
783 1894 980 1958 Theramenis
996 1893 1052 1976 (Π.
1066 1898 1097 1958 3.
1111 1896 1171 1971 39,
1185 1897 1261 1979 sq.),

165 2030 254 2091 quem
285 2008 415 2071 strictim
442 2007 516 2070 lacit
539 2012 759 2069 memorantem
784 2026 890 2068 necem
914 2001 1042 2067 Leontis
1067 2009 1098 2067 et
1121 2002 1262 2068 Nicerati

166 2122 198 2179 et
220 2115 442 2199 Antiphontis,
467 2115 505 2178 de
529 2116 642 2199 quibus
665 2115 731 2199 ipse
754 2120 903 2178 tacuerat.
952 2114 993 2176 In
1017 2114 1121 2177 omisit
1141 2123 1263 2198 praeter

166 2222 334 2287 Calliadem
359 2231 390 2286 et
409 2223 667 2287 Strambichidem
692 2223 961 2308 Dionysodorum,
986 2223 1261 2306 Archeptolemum

167 2333 252 2418 (Lys.
279 2336 330 2396 la.
357 2335 425 2417 67),
451 2335 640 2420 Autolycum
663 2333 768 2417 (Diod.
793 2333 882 2397 XIV.
909 2337 950 2417 5).
997 2332 1069 2396 Non
1094 2333 1206 2396 melius
1230 2357 1262 2397 se

164 2466 213 2508 res
244 2443 336 2508 habet
367 2445 399 2507 iu
431 2444 578 2508 Diodoro.
625 2443 883 2508 Strombichidem
915 2443 1013 2506 virum
1037 2442 1118 2506 bello
1142 2443 1261 2508 clarum

163 2555 213 2637 (cl.
230 2555 328 2618 Thac.
341 2553 433 2617 VIII.
461 2558 501 2616 62
526 2563 558 2618 et
581 2555 632 2639 al.)
661 2556 688 2618 si
717 2554 893 2637 Xenophon
918 2561 948 2616 et
972 2552 1129 2616 Diodorus
1152 2554 1262 2619 omise-

164 2671 254 2740 runt,
292 2663 368 2746 quid
404 2663 552 2726 miramur
583 2663 609 2727 si
640 2663 852 2728 obscuriorum
880 2663 1042 2727 hominum
1072 2664 1203 2747 Agorati
1231 2671 1263 2726 et

165 2772 346 2837 Nicomachi
369 2772 456 2836 nulla
478 2771 561 2856 apud
584 2772 655 2836 illos
679 2773 794 2837 mentio
818 2772 940 2836 exstat?

210 2882 351 2946 Sectione
380 2885 421 2944 28
454 2882 660 2967 legislatorem
684 2905 747 2945 una
770 2905 841 2946 cum
863 2881 1053 2946 Nicomacho
1078 2882 1155 2946 dicit
1178 2883 1262 2946 Tisa

165 3013 290 3055 menum
313 2991 527 3056 Mechauionis
550 2992 666 3070 filium;
691 3001 772 3057 recte
796 2993 966 3057 secundum
985 2992 1161 3078 psephisma
1178 2992 1264 3077 apud

165 3100 358 3165 Andocidem
385 3104 412 3163 l.
439 3103 498 3178 83,
523 3103 576 3166 nbi
599 3101 781 3166 Tisamenus
804 3103 914 3166 tulisse
936 3102 1053 3166 dicitur
1068 3101 1107 3166 de
1123 3102 1265 3165 creandis

166 3208 363 3275 nomothetis.
412 3208 504 3288 Quod
529 3211 642 3275 ibidem
666 3211 887 3276 Themistocles
911 3219 943 3274 et
963 3211 1096 3274 Pericles
1119 3211 1195 3274 olim
1212 3234 1267 3275 no·

166 3320 318 3384 mothetas
342 3326 459 3383 creatos
483 3318 558 3384 dicit
582 3344 643 3384 non
667 3322 838 3407 imperitiae
862 3322 992 3384 oratoris
1009 3320 1264 3399 adscribendum,

169 3428 221 3492 sed
246 3427 351 3492 studio
375 3429 519 3512 carpendi
543 3429 769 3495 Nicomachum
792 3431 955 3515 perillam
979 3432 1218 3516 oppositionem.

212 3537 272 3600 llla
301 3537 412 3621 igitur,
442 3559 520 3622 quae
543 3540 560 3622 b
586 3543 644 3617 la,
670 3543 731 3617 22,
757 3542 799 3602 28
824 3563 859 3604 ex
884 3540 976 3605 rebus
999 3541 1179 3625 aequalibus
1204 3564 1266 3605 me·

167 3655 327 3712 morantur
357 3655 411 3710 aut
442 3646 565 3711 aliunde
591 3658 663 3712 nota
688 3657 778 3725 suut,
804 3657 857 3712 aut
882 3649 970 3713 facile
993 3671 1064 3713 cum
1088 3650 1169 3712 notis
1195 3672 1267 3714 con-

168 3756 264 3821 ciliari
295 3763 441 3840 possuut3
473 3755 591 3840 reliqua
614 3778 692 3840 quae
716 3780 786 3822 cum
811 3758 940 3820 historia
962 3765 1017 3821 aut
1039 3761 1266 3824 consuetudine

168 3863 300 3929 civitatis
330 3885 465 3948 pugnero
494 3864 636 3930 videntur
658 3875 748 3931 caute
771 3875 807 3930 ut
830 3867 1054 3944 adhibeantur,
1079 3868 1105 3932 si
1133 3868 1171 3932 de
1196 3891 1267 3932 auc-

168 3982 234 4039 tora
258 3980 440 4057 quaeratur,
465 3974 575 4038 arrodat
593 3976 797 4061 exaggerandi
814 3978 953 4041 studium
969 4000 1040 4042 cum
1056 3978 1183 4062 reliquis
1200 4003 1267 4044 ora·

171 4080 289 4149 toribus
314 4080 421 4167 lipsiae
446 4106 616 4149 commune.
665 4087 800 4170 Aliquod
835 4087 983 4151 haberent
1005 4095 1214 4166 momentum,
1240 4092 1266 4153 si

171 4194 261 4259 ctiaru
285 4193 430 4257 orationis
455 4194 550 4257 forma
573 4204 603 4258 et
623 4195 707 4259 color
722 4197 836 4260 bonum
854 4206 1004 4260 oratorem
1020 4198 1166 4262 dedecere
1184 4200 1266 4263 vide·

173 4312 266 4369 ratur.
310 4302 365 4367 ltos
385 4303 481 4387 igitur
500 4304 691 4388 potissimum
713 4306 842 4370 vertitur
860 4305 892 4368 in
910 4327 1049 4369 sermone
1065 4307 1265 4392 explorando.
