<?xml version="1.0" encoding="UTF-8"?>
<!DOCTYPE html PUBLIC "-//W3C//DTD XHTML 1.0 Transitional//EN"
    "http://www.w3.org/TR/xhtml1/DTD/xhtml1-transitional.dtd">
<html xmlns="http://www.w3.org/1999/xhtml" xml:lang="en" lang="en">
 <head>
  <title>
</title>
<meta http-equiv="Content-Type" content="text/html;charset=utf-8" />
  <meta name='ocr-system' content='tesseract 3.04.00' />
  <meta name='ocr-capabilities' content='ocr_page ocr_carea ocr_par ocr_line ocrx_word'/>
</head>
<body>
  <div class='ocr_page' id='page_1' title='image "./commentationesl00frangoog_0152.png"; bbox 0 0 2850 5024; ppageno 0'>
   <div class='ocr_carea' id='block_1_1' title="bbox 675 405 737 464">
    <p class='ocr_par' dir='ltr' id='par_1_1' title="bbox 675 405 737 464">
     <span class='ocr_line' id='line_1_1' title="bbox 675 405 737 464; baseline -0.065 1"><span class='ocrx_word' id='word_1_1' title='bbox 675 405 737 464; x_wconf 76' lang='lat'><strong>140</strong></span> 
     </span>
    </p>
   </div>
   <div class='ocr_carea' id='block_1_2' title="bbox 161 599 1255 3136">
    <p class='ocr_par' dir='ltr' id='par_1_2' title="bbox 161 599 1252 1568">
     <span class='ocr_line' id='line_1_2' title="bbox 163 599 1247 689; baseline -0.005 -23"><span class='ocrx_word' id='word_1_2' title='bbox 163 619 311 689; x_wconf 76' lang='lat' dir='ltr'><strong>receptam</strong></span> <span class='ocrx_word' id='word_1_3' title='bbox 344 605 488 668; x_wconf 67' lang='grc' dir='ltr'>Διονυσίου</span> <span class='ocrx_word' id='word_1_4' title='bbox 518 606 607 683; x_wconf 77' lang='grc' dir='ltr'>φίλου</span> <span class='ocrx_word' id='word_1_5' title='bbox 639 603 714 672; x_wconf 66' lang='grc' dir='ltr'>ἔντος</span> <span class='ocrx_word' id='word_1_6' title='bbox 746 605 795 666; x_wconf 74' lang='lat' dir='ltr'><strong>nal</strong></span> <span class='ocrx_word' id='word_1_7' title='bbox 819 601 906 678; x_wconf 77' lang='grc' dir='ltr'>ξένου.</span> <span class='ocrx_word' id='word_1_8' title='bbox 955 601 1003 664; x_wconf 89' lang='lat' dir='ltr'><strong>Ita</strong></span> <span class='ocrx_word' id='word_1_9' title='bbox 1026 600 1143 684; x_wconf 86' lang='lat' dir='ltr'><strong>optime</strong></span> <span class='ocrx_word' id='word_1_10' title='bbox 1171 599 1247 662; x_wconf 88' lang='lat' dir='ltr'><strong>ratio</strong></span> 
     </span>
     <span class='ocr_line' id='line_1_3' title="bbox 163 711 1248 796; baseline -0.004 -19"><span class='ocrx_word' id='word_1_11' title='bbox 163 714 303 789; x_wconf 74' lang='lat' dir='ltr'><strong>affertur,</strong></span> <span class='ocrx_word' id='word_1_12' title='bbox 343 737 396 777; x_wconf 89' lang='lat' dir='ltr'><strong>cur</strong></span> <span class='ocrx_word' id='word_1_13' title='bbox 430 714 605 778; x_wconf 83' lang='lat' dir='ltr'><strong>Eunomum</strong></span> <span class='ocrx_word' id='word_1_14' title='bbox 639 715 781 778; x_wconf 86' lang='lat' dir='ltr'><strong>comitem</strong></span> <span class='ocrx_word' id='word_1_15' title='bbox 814 712 989 776; x_wconf 79' lang='lat' dir='ltr'><strong>assumserit</strong></span> <span class='ocrx_word' id='word_1_16' title='bbox 1017 711 1248 796; x_wconf 84' lang='lat' dir='ltr'><strong>Aristophanes.</strong></span> 
     </span>
     <span class='ocr_line' id='line_1_4' title="bbox 162 821 1250 909; baseline -0.004 -19"><span class='ocrx_word' id='word_1_17' title='bbox 162 825 254 905; x_wconf 74' lang='lat' dir='ltr'><strong>Quud</strong></span> <span class='ocrx_word' id='word_1_18' title='bbox 276 825 352 889; x_wconf 81' lang='lat' dir='ltr'><strong>ulter</strong></span> <span class='ocrx_word' id='word_1_19' title='bbox 370 826 524 909; x_wconf 82' lang='lat' dir='ltr'><strong>genitivus</strong></span> <span class='ocrx_word' id='word_1_20' title='bbox 548 827 716 909; x_wconf 76' lang='grc' dir='ltr'>(Διονυσίου)</span> <span class='ocrx_word' id='word_1_21' title='bbox 740 848 776 889; x_wconf 82' lang='lat' dir='ltr'><strong>ex</strong></span> <span class='ocrx_word' id='word_1_22' title='bbox 801 825 895 888; x_wconf 87' lang='lat' dir='ltr'><strong>altero</strong></span> <span class='ocrx_word' id='word_1_23' title='bbox 911 825 1010 907; x_wconf 80' lang='grc' dir='ltr'>(φίλου</span> <span class='ocrx_word' id='word_1_24' title='bbox 1027 822 1077 886; x_wconf 71' lang='lat' dir='ltr'><strong>aa}</strong></span> <span class='ocrx_word' id='word_1_25' title='bbox 1094 821 1186 906; x_wconf 81' lang='grc' dir='ltr'>ξένου)</span> <span class='ocrx_word' id='word_1_26' title='bbox 1201 845 1250 885; x_wconf 89' lang='lat' dir='ltr'><strong>su-</strong></span> 
     </span>
     <span class='ocr_line' id='line_1_5' title="bbox 163 933 1251 1021; baseline -0.003 -22"><span class='ocrx_word' id='word_1_27' title='bbox 163 958 290 1021; x_wconf 75' lang='lat' dir='ltr'><strong>spensus</strong></span> <span class='ocrx_word' id='word_1_28' title='bbox 321 944 381 1012; x_wconf 85' lang='lat' dir='ltr'><strong>cst,</strong></span> <span class='ocrx_word' id='word_1_29' title='bbox 406 935 484 999; x_wconf 87' lang='lat' dir='ltr'><strong>nihil</strong></span> <span class='ocrx_word' id='word_1_30' title='bbox 508 937 587 1000; x_wconf 86' lang='lat' dir='ltr'><strong>iuter</strong></span> <span class='ocrx_word' id='word_1_31' title='bbox 610 935 877 1021; x_wconf 83' lang='lat' dir='ltr'><strong>pronunciandum</strong></span> <span class='ocrx_word' id='word_1_32' title='bbox 901 934 1003 1018; x_wconf 85' lang='lat' dir='ltr'><strong>potuit</strong></span> <span class='ocrx_word' id='word_1_33' title='bbox 1026 933 1196 1010; x_wconf 85' lang='lat' dir='ltr'><strong>offendere,</strong></span> <span class='ocrx_word' id='word_1_34' title='bbox 1222 944 1251 996; x_wconf 90' lang='lat' dir='ltr'><strong>et</strong></span> 
     </span>
     <span class='ocr_line' id='line_1_6' title="bbox 162 1043 1249 1128; baseline -0.003 -19"><span class='ocrx_word' id='word_1_35' title='bbox 162 1046 272 1112; x_wconf 81' lang='lat' dir='ltr'><strong>similis</strong></span> <span class='ocrx_word' id='word_1_36' title='bbox 304 1045 376 1109; x_wconf 85' lang='lat' dir='ltr'><strong>alibi</strong></span> <span class='ocrx_word' id='word_1_37' title='bbox 407 1047 625 1125; x_wconf 88' lang='lat' dir='ltr'><strong>inveniuntur,</strong></span> <span class='ocrx_word' id='word_1_38' title='bbox 657 1046 754 1110; x_wconf 85' lang='lat' dir='ltr'><strong>veluti</strong></span> <span class='ocrx_word' id='word_1_39' title='bbox 784 1045 863 1108; x_wconf 89' lang='lat' dir='ltr'><strong>Plat.</strong></span> <span class='ocrx_word' id='word_1_40' title='bbox 887 1044 982 1128; x_wconf 86' lang='lat' dir='ltr'><strong>Legg.</strong></span> <span class='ocrx_word' id='word_1_41' title='bbox 998 1043 1090 1110; x_wconf 87' lang='lat' dir='ltr'><strong>VIII.</strong></span> <span class='ocrx_word' id='word_1_42' title='bbox 1117 1046 1181 1106; x_wconf 77' lang='lat'><strong>840</strong></span> <span class='ocrx_word' id='word_1_43' title='bbox 1205 1043 1249 1106; x_wconf 91' lang='lat' dir='ltr'><strong>B:</strong></span> 
     </span>
     <span class='ocr_line' id='line_1_7' title="bbox 162 1155 1250 1240; baseline -0.003 -19"><span class='ocrx_word' id='word_1_44' title='bbox 162 1180 237 1229; x_wconf 70' lang='grc' dir='ltr'><strong>νκιμ</strong></span> <span class='ocrx_word' id='word_1_45' title='bbox 270 1156 353 1221; x_wconf 58' lang='lat' dir='ltr'><strong>§aava</strong></span> <span class='ocrx_word' id='word_1_46' title='bbox 381 1157 479 1231; x_wconf 75' lang='grc' dir='ltr'>πάλνς</span> <span class='ocrx_word' id='word_1_47' title='bbox 510 1161 558 1223; x_wconf 72' lang='lat' dir='ltr'><strong>aa)</strong></span> <span class='ocrx_word' id='word_1_48' title='bbox 591 1158 709 1240; x_wconf 78' lang='grc' dir='ltr'>δρόμων.</span> <span class='ocrx_word' id='word_1_49' title='bbox 756 1157 826 1221; x_wconf 89' lang='lat' dir='ltr'><strong>Alia</strong></span> <span class='ocrx_word' id='word_1_50' title='bbox 853 1181 889 1221; x_wconf 85' lang='lat' dir='ltr'><strong>ex</strong></span> <span class='ocrx_word' id='word_1_51' title='bbox 912 1156 1041 1219; x_wconf 86' lang='lat' dir='ltr'><strong>Platone</strong></span> <span class='ocrx_word' id='word_1_52' title='bbox 1064 1155 1159 1220; x_wconf 91' lang='lat' dir='ltr'><strong>hahet</strong></span> <span class='ocrx_word' id='word_1_53' title='bbox 1185 1157 1250 1218; x_wconf 81' lang='lat' dir='ltr'><strong>Ast.</strong></span> 
     </span>
     <span class='ocr_line' id='line_1_8' title="bbox 162 1267 1252 1354; baseline -0.001 -21"><span class='ocrx_word' id='word_1_54' title='bbox 162 1268 199 1333; x_wconf 77' lang='lat' dir='ltr'><strong>tul</strong></span> <span class='ocrx_word' id='word_1_55' title='bbox 236 1268 326 1353; x_wconf 72' lang='lat' dir='ltr'><strong>lagg.</strong></span> <span class='ocrx_word' id='word_1_56' title='bbox 358 1292 388 1353; x_wconf 91' lang='lat' dir='ltr'><strong>p.</strong></span> <span class='ocrx_word' id='word_1_57' title='bbox 420 1274 479 1348; x_wconf 73' lang='lat' dir='ltr'><strong>sl,</strong></span> <span class='ocrx_word' id='word_1_58' title='bbox 513 1295 557 1354; x_wconf 86' lang='lat' dir='ltr'><strong>sq.</strong></span> <span class='ocrx_word' id='word_1_59' title='bbox 590 1293 626 1333; x_wconf 84' lang='lat' dir='ltr'><strong>ex</strong></span> <span class='ocrx_word' id='word_1_60' title='bbox 650 1270 829 1353; x_wconf 80' lang='lat' dir='ltr'><strong>Thucydide</strong></span> <span class='ocrx_word' id='word_1_61' title='bbox 853 1278 884 1333; x_wconf 93' lang='lat' dir='ltr'><strong>et</strong></span> <span class='ocrx_word' id='word_1_62' title='bbox 906 1269 1031 1353; x_wconf 81' lang='lat' dir='ltr'><strong>tragicis</strong></span> <span class='ocrx_word' id='word_1_63' title='bbox 1053 1267 1190 1332; x_wconf 85' lang='lat' dir='ltr'><strong>Lobeck.</strong></span> <span class='ocrx_word' id='word_1_64' title='bbox 1215 1267 1252 1332; x_wconf 87' lang='lat' dir='ltr'><strong>ad</strong></span> 
     </span>
     <span class='ocr_line' id='line_1_9' title="bbox 165 1378 1252 1466; baseline -0.001 -23"><span class='ocrx_word' id='word_1_65' title='bbox 165 1378 211 1443; x_wconf 68' lang='lat' dir='ltr'><strong>hl.</strong></span> <span class='ocrx_word' id='word_1_66' title='bbox 237 1402 265 1465; x_wconf 84' lang='lat' dir='ltr'><strong>p.</strong></span> <span class='ocrx_word' id='word_1_67' title='bbox 291 1381 366 1443; x_wconf 75' lang='lat'><strong>334.</strong></span> <span class='ocrx_word' id='word_1_68' title='bbox 403 1379 474 1445; x_wconf 89' lang='lat' dir='ltr'><strong>Non</strong></span> <span class='ocrx_word' id='word_1_69' title='bbox 497 1383 598 1445; x_wconf 90' lang='lat' dir='ltr'><strong>minus</strong></span> <span class='ocrx_word' id='word_1_70' title='bbox 623 1382 765 1466; x_wconf 83' lang='lat' dir='ltr'><strong>ambigue</strong></span> <span class='ocrx_word' id='word_1_71' title='bbox 789 1381 866 1445; x_wconf 93' lang='lat' dir='ltr'><strong>duos</strong></span> <span class='ocrx_word' id='word_1_72' title='bbox 890 1382 1009 1445; x_wconf 80' lang='lat' dir='ltr'><strong>dativus</strong></span> <span class='ocrx_word' id='word_1_73' title='bbox 1025 1379 1129 1442; x_wconf 83' lang='lat' dir='ltr'><strong>iunxit</strong></span> <span class='ocrx_word' id='word_1_74' title='bbox 1144 1379 1252 1464; x_wconf 84' lang='lat' dir='ltr'><strong>Lysias</strong></span> 
     </span>
     <span class='ocr_line' id='line_1_10' title="bbox 161 1489 1058 1568; baseline 0.001 -15"><span class='ocrx_word' id='word_1_75' title='bbox 161 1490 213 1553; x_wconf 68' lang='lat' dir='ltr'><strong>tt.</strong></span> <span class='ocrx_word' id='word_1_76' title='bbox 240 1492 279 1555; x_wconf 71' lang='grc'><strong>27</strong></span> <span class='ocrx_word' id='word_1_77' title='bbox 306 1490 362 1554; x_wconf 91' lang='lat' dir='ltr'><strong>sub</strong></span> <span class='ocrx_word' id='word_1_78' title='bbox 385 1492 406 1555; x_wconf 83' lang='lat' dir='ltr'><strong>f.</strong></span> <span class='ocrx_word' id='word_1_79' title='bbox 431 1489 470 1562; x_wconf 79' lang='grc' dir='ltr'><strong>οἷς</strong></span> <span class='ocrx_word' id='word_1_80' title='bbox 494 1493 550 1556; x_wconf 79' lang='grc' dir='ltr'>οὐδ’</span> <span class='ocrx_word' id='word_1_81' title='bbox 573 1489 659 1567; x_wconf 80' lang='grc' dir='ltr'>άτοιξ</span> <span class='ocrx_word' id='word_1_82' title='bbox 682 1493 868 1567; x_wconf 75' lang='grc' dir='ltr'><strong>ἐλυσιτέλησε</strong></span> <span class='ocrx_word' id='word_1_83' title='bbox 892 1492 1058 1568; x_wconf 81' lang='grc' dir='ltr'>πιθομένοις.</span> 
     </span>
    </p>

    <p class='ocr_par' dir='ltr' id='par_1_3' title="bbox 161 1601 1254 2913">
     <span class='ocr_line' id='line_1_11' title="bbox 203 1601 1254 1688; baseline 0.001 -25"><span class='ocrx_word' id='word_1_84' title='bbox 203 1602 295 1687; x_wconf 68' lang='lat' dir='ltr'><strong>§tlh</strong></span> <span class='ocrx_word' id='word_1_85' title='bbox 342 1601 476 1680; x_wconf 88' lang='lat' dir='ltr'><strong>Demus,</strong></span> <span class='ocrx_word' id='word_1_86' title='bbox 501 1602 682 1687; x_wconf 88' lang='lat' dir='ltr'><strong>Pyrilampis</strong></span> <span class='ocrx_word' id='word_1_87' title='bbox 708 1602 789 1665; x_wconf 89' lang='lat' dir='ltr'><strong>filius</strong></span> <span class='ocrx_word' id='word_1_88' title='bbox 814 1626 909 1687; x_wconf 94' lang='lat' dir='ltr'><strong>quum</strong></span> <span class='ocrx_word' id='word_1_89' title='bbox 933 1604 966 1665; x_wconf 90' lang='lat' dir='ltr'><strong>in</strong></span> <span class='ocrx_word' id='word_1_90' title='bbox 983 1601 1131 1688; x_wconf 90' lang='lat' dir='ltr'><strong>pecuniae</strong></span> <span class='ocrx_word' id='word_1_91' title='bbox 1148 1602 1254 1685; x_wconf 91' lang='lat' dir='ltr'><strong>inopia</strong></span> 
     </span>
     <span class='ocr_line' id='line_1_12' title="bbox 162 1712 1249 1799; baseline 0 -24"><span class='ocrx_word' id='word_1_92' title='bbox 162 1724 331 1776; x_wconf 66' lang='lat' dir='ltr'><strong>ruminetur</strong></span> <span class='ocrx_word' id='word_1_93' title='bbox 364 1714 453 1797; x_wconf 90' lang='lat' dir='ltr'><strong>petiit</strong></span> <span class='ocrx_word' id='word_1_94' title='bbox 480 1714 517 1777; x_wconf 85' lang='lat' dir='ltr'><strong>ab</strong></span> <span class='ocrx_word' id='word_1_95' title='bbox 542 1721 660 1777; x_wconf 86' lang='lat' dir='ltr'><strong>oratore</strong></span> <span class='ocrx_word' id='word_1_96' title='bbox 681 1724 720 1776; x_wconf 86' lang='lat' dir='ltr'><strong>ut</strong></span> <span class='ocrx_word' id='word_1_97' title='bbox 744 1736 847 1778; x_wconf 86' lang='lat' dir='ltr'><strong>secum</strong></span> <span class='ocrx_word' id='word_1_98' title='bbox 872 1713 1110 1799; x_wconf 83' lang='lat' dir='ltr'><strong>Aristophanem</strong></span> <span class='ocrx_word' id='word_1_99' title='bbox 1134 1712 1249 1788; x_wconf 87' lang='lat' dir='ltr'><strong>adiret;</strong></span> 
     </span>
     <span class='ocr_line' id='line_1_13' title="bbox 162 1821 1254 1910; baseline 0.005 -27"><span class='ocrx_word' id='word_1_100' title='bbox 162 1821 312 1907; x_wconf 72' lang='lat' dir='ltr'><strong>petiturus</strong></span> <span class='ocrx_word' id='word_1_101' title='bbox 340 1830 403 1887; x_wconf 85' lang='lat' dir='ltr'><strong>erat</strong></span> <span class='ocrx_word' id='word_1_102' title='bbox 427 1824 464 1888; x_wconf 93' lang='lat' dir='ltr'><strong>ab</strong></span> <span class='ocrx_word' id='word_1_103' title='bbox 488 1847 522 1888; x_wconf 94' lang='lat' dir='ltr'><strong>e0</strong></span> <span class='ocrx_word' id='word_1_104' title='bbox 547 1823 677 1887; x_wconf 84' lang='lat' dir='ltr'><strong>sedecim</strong></span> <span class='ocrx_word' id='word_1_105' title='bbox 700 1825 797 1888; x_wconf 91' lang='lat' dir='ltr'><strong>minas</strong></span> <span class='ocrx_word' id='word_1_106' title='bbox 820 1833 963 1904; x_wconf 73' lang='lat' dir='ltr'><strong>mutuaS,</strong></span> <span class='ocrx_word' id='word_1_107' title='bbox 988 1847 1062 1908; x_wconf 91' lang='lat' dir='ltr'><strong>quas</strong></span> <span class='ocrx_word' id='word_1_108' title='bbox 1087 1823 1183 1910; x_wconf 84' lang='lat' dir='ltr'><strong>Cypri</strong></span> <span class='ocrx_word' id='word_1_109' title='bbox 1206 1825 1254 1888; x_wconf 88' lang='lat' dir='ltr'><strong>illi</strong></span> 
     </span>
     <span class='ocr_line' id='line_1_14' title="bbox 162 1934 1253 2022; baseline 0.001 -23"><span class='ocrx_word' id='word_1_110' title='bbox 162 1934 337 1999; x_wconf 76' lang='lat' dir='ltr'><strong>redditurus</strong></span> <span class='ocrx_word' id='word_1_111' title='bbox 367 1946 461 2015; x_wconf 88' lang='lat' dir='ltr'><strong>esset;</strong></span> <span class='ocrx_word' id='word_1_112' title='bbox 494 1937 617 2000; x_wconf 89' lang='lat' dir='ltr'><strong>interim</strong></span> <span class='ocrx_word' id='word_1_113' title='bbox 648 1936 783 2022; x_wconf 87' lang='lat' dir='ltr'><strong>pignoris</strong></span> <span class='ocrx_word' id='word_1_114' title='bbox 807 1936 874 2000; x_wconf 92' lang='lat' dir='ltr'><strong>loco</strong></span> <span class='ocrx_word' id='word_1_115' title='bbox 899 1937 1044 2000; x_wconf 87' lang='lat' dir='ltr'><strong>daturum</strong></span> <span class='ocrx_word' id='word_1_116' title='bbox 1067 1959 1099 2000; x_wconf 89' lang='lat' dir='ltr'><strong>se</strong></span> <span class='ocrx_word' id='word_1_117' title='bbox 1123 1959 1253 2000; x_wconf 87' lang='lat' dir='ltr'><strong>aureum</strong></span> 
     </span>
     <span class='ocr_line' id='line_1_15' title="bbox 162 2047 1253 2136; baseline 0.004 -27"><span class='ocrx_word' id='word_1_118' title='bbox 162 2047 323 2135; x_wconf 77' lang='lat' dir='ltr'><strong>pumdum,</strong></span> <span class='ocrx_word' id='word_1_119' title='bbox 357 2049 440 2133; x_wconf 90' lang='lat' dir='ltr'><strong>quod</strong></span> <span class='ocrx_word' id='word_1_120' title='bbox 472 2049 637 2136; x_wconf 90' lang='lat' dir='ltr'><strong>aliquando</strong></span> <span class='ocrx_word' id='word_1_121' title='bbox 668 2072 685 2111; x_wconf 90' lang='lat' dir='ltr'><strong>a</strong></span> <span class='ocrx_word' id='word_1_122' title='bbox 714 2049 796 2133; x_wconf 84' lang='lat' dir='ltr'><strong>Rege</strong></span> <span class='ocrx_word' id='word_1_123' title='bbox 826 2057 974 2133; x_wconf 90' lang='lat' dir='ltr'><strong>tanquam</strong></span> <span class='ocrx_word' id='word_1_124' title='bbox 1003 2048 1176 2133; x_wconf 87' lang='lat' dir='ltr'><strong>symbolum</strong></span> <span class='ocrx_word' id='word_1_125' title='bbox 1201 2050 1253 2113; x_wconf 89' lang='lat' dir='ltr'><strong>ho-</strong></span> 
     </span>
     <span class='ocr_line' id='line_1_16' title="bbox 162 2158 1252 2247; baseline 0.002 -26"><span class='ocrx_word' id='word_1_126' title='bbox 162 2158 270 2247; x_wconf 77' lang='lat' dir='ltr'><strong>spilulc</strong></span> <span class='ocrx_word' id='word_1_127' title='bbox 291 2161 465 2245; x_wconf 86' lang='lat' dir='ltr'><strong>accepisset.</strong></span> <span class='ocrx_word' id='word_1_128' title='bbox 498 2162 536 2226; x_wconf 91' lang='lat' dir='ltr'><strong>In</strong></span> <span class='ocrx_word' id='word_1_129' title='bbox 552 2163 630 2225; x_wconf 90' lang='lat' dir='ltr'><strong>hanc</strong></span> <span class='ocrx_word' id='word_1_130' title='bbox 646 2162 828 2225; x_wconf 88' lang='lat' dir='ltr'><strong>sententiam</strong></span> <span class='ocrx_word' id='word_1_131' title='bbox 845 2162 936 2238; x_wconf 89' lang='lat' dir='ltr'><strong>bene,</strong></span> <span class='ocrx_word' id='word_1_132' title='bbox 954 2161 1078 2245; x_wconf 89' lang='lat' dir='ltr'><strong>opinor,</strong></span> <span class='ocrx_word' id='word_1_133' title='bbox 1097 2159 1252 2246; x_wconf 83' lang='lat' dir='ltr'><strong>Sauppius</strong></span> 
     </span>
     <span class='ocr_line' id='line_1_17' title="bbox 161 2271 1251 2359; baseline 0.002 -26"><span class='ocrx_word' id='word_1_134' title='bbox 161 2272 298 2359; x_wconf 78' lang='lat' dir='ltr'><strong>scripsit:</strong></span> <span class='ocrx_word' id='word_1_135' title='bbox 331 2273 424 2351; x_wconf 68' lang='lat' dir='ltr'><strong>atym</strong></span> <span class='ocrx_word' id='word_1_136' title='bbox 459 2277 484 2358; x_wconf 76' lang='grc' dir='ltr'><strong>(ἑ</strong></span> <span class='ocrx_word' id='word_1_137' title='bbox 508 2277 621 2358; x_wconf 83' lang='grc' dir='ltr'>Δῆμος)</span> <span class='ocrx_word' id='word_1_138' title='bbox 646 2271 688 2338; x_wconf 77' lang='grc' dir='ltr'><strong>ἔτι</strong></span> <span class='ocrx_word' id='word_1_139' title='bbox 713 2275 807 2351; x_wconf 71' lang='grc' dir='ltr'>ἔλαβε</span> <span class='ocrx_word' id='word_1_140' title='bbox 830 2274 978 2351; x_wconf 80' lang='grc' dir='ltr'>σύμβολον</span> <span class='ocrx_word' id='word_1_141' title='bbox 1003 2274 1084 2353; x_wconf 69' lang='lat' dir='ltr'><strong>rapat</strong></span> <span class='ocrx_word' id='word_1_142' title='bbox 1104 2273 1251 2350; x_wconf 66' lang='grc' dir='ltr'><strong>βασιλέως</strong></span> 
     </span>
     <span class='ocr_line' id='line_1_18' title="bbox 162 2383 1252 2467; baseline -0.004 -17"><span class='ocrx_word' id='word_1_143' title='bbox 162 2388 212 2450; x_wconf 80' lang='grc' dir='ltr'><strong>τοῦ</strong></span> <span class='ocrx_word' id='word_1_144' title='bbox 237 2384 372 2461; x_wconf 66' lang='grc' dir='ltr'>μεγάλου</span> <span class='ocrx_word' id='word_1_145' title='bbox 395 2387 506 2467; x_wconf 78' lang='grc' dir='ltr'>φιάκῆν</span> <span class='ocrx_word' id='word_1_146' title='bbox 529 2395 653 2465; x_wconf 91' lang='grc' dir='ltr'>χρυσῆν,</span> <span class='ocrx_word' id='word_1_147' title='bbox 679 2385 776 2448; x_wconf 77' lang='grc' dir='ltr'>δάσει</span> <span class='ocrx_word' id='word_1_148' title='bbox 795 2386 818 2448; x_wconf 77' lang='grc' dir='ltr'><strong>δ’</strong></span> <span class='ocrx_word' id='word_1_149' title='bbox 835 2384 1107 2465; x_wconf 83' lang='grc' dir='ltr'>Ἀριστοφάνει,</span> <span class='ocrx_word' id='word_1_150' title='bbox 1129 2383 1252 2460; x_wconf 71' lang='grc' dir='ltr'>λαβὼν</span> 
     </span>
     <span class='ocr_line' id='line_1_19' title="bbox 164 2494 1252 2576; baseline -0.003 -16"><span class='ocrx_word' id='word_1_151' title='bbox 164 2494 316 2560; x_wconf 69' lang='lat' dir='ltr'><strong>tenattem</strong></span> <span class='ocrx_word' id='word_1_152' title='bbox 343 2501 420 2574; x_wconf 77' lang='grc' dir='ltr'>μυάς</span> <span class='ocrx_word' id='word_1_153' title='bbox 447 2498 493 2559; x_wconf 82' lang='grc' dir='ltr'><strong>ἐτ’</strong></span> <span class='ocrx_word' id='word_1_154' title='bbox 517 2500 608 2576; x_wconf 66' lang='lat' dir='ltr'><strong>any,</strong></span> <span class='ocrx_word' id='word_1_155' title='bbox 639 2494 677 2560; x_wconf 75' lang='grc' dir='ltr'><strong>ἔν’</strong></span> <span class='ocrx_word' id='word_1_156' title='bbox 700 2496 775 2576; x_wconf 93' lang='grc' dir='ltr'>ἔχοι</span> <span class='ocrx_word' id='word_1_157' title='bbox 799 2497 965 2560; x_wconf 75' lang='grc' dir='ltr'><strong>άνοικίσκειν</strong></span> <span class='ocrx_word' id='word_1_158' title='bbox 989 2495 1028 2566; x_wconf 78' lang='grc' dir='ltr'><strong>εἰς</strong></span> <span class='ocrx_word' id='word_1_159' title='bbox 1048 2497 1100 2568; x_wconf 87' lang='grc' dir='ltr'><strong>τῆν</strong></span> <span class='ocrx_word' id='word_1_160' title='bbox 1123 2518 1252 2575; x_wconf 81' lang='grc' dir='ltr'>τρινροιρ-</span> 
     </span>
     <span class='ocr_line' id='line_1_20' title="bbox 163 2603 1252 2692; baseline -0.006 -20"><span class='ocrx_word' id='word_1_161' title='bbox 163 2607 253 2690; x_wconf 74' lang='grc' dir='ltr'>χέοιν,</span> <span class='ocrx_word' id='word_1_162' title='bbox 285 2609 345 2672; x_wconf 89' lang='lat' dir='ltr'><strong>nisi</strong></span> <span class='ocrx_word' id='word_1_163' title='bbox 377 2608 458 2692; x_wconf 90' lang='lat' dir='ltr'><strong>quod</strong></span> <span class='ocrx_word' id='word_1_164' title='bbox 491 2629 545 2691; x_wconf 88' lang='lat' dir='ltr'><strong>pro</strong></span> <span class='ocrx_word' id='word_1_165' title='bbox 575 2603 608 2669; x_wconf 80' lang='grc' dir='ltr'><strong>ἵν’</strong></span> <span class='ocrx_word' id='word_1_166' title='bbox 635 2606 697 2686; x_wconf 88' lang='grc' dir='ltr'>ἔχοι</span> <span class='ocrx_word' id='word_1_167' title='bbox 726 2629 796 2670; x_wconf 91' lang='lat' dir='ltr'><strong>cum</strong></span> <span class='ocrx_word' id='word_1_168' title='bbox 824 2607 922 2670; x_wconf 81' lang='lat' dir='ltr'><strong>Balio</strong></span> <span class='ocrx_word' id='word_1_169' title='bbox 945 2607 1151 2670; x_wconf 88' lang='lat' dir='ltr'><strong>necessarium</strong></span> <span class='ocrx_word' id='word_1_170' title='bbox 1175 2612 1252 2689; x_wconf 90' lang='lat' dir='ltr'><strong>puto</strong></span> 
     </span>
     <span class='ocr_line' id='line_1_21' title="bbox 164 2714 1253 2804; baseline -0.005 -21"><span class='ocrx_word' id='word_1_171' title='bbox 164 2714 200 2791; x_wconf 75' lang='lat' dir='ltr'><strong>tt:</strong></span> <span class='ocrx_word' id='word_1_172' title='bbox 223 2718 291 2797; x_wconf 66' lang='grc' dir='ltr'>δέοις</span> <span class='ocrx_word' id='word_1_173' title='bbox 316 2727 385 2804; x_wconf 88' lang='lat' dir='ltr'><strong>post</strong></span> <span class='ocrx_word' id='word_1_174' title='bbox 407 2716 440 2781; x_wconf 77' lang='grc' dir='ltr'><strong>ἵν’</strong></span> <span class='ocrx_word' id='word_1_175' title='bbox 460 2717 521 2797; x_wconf 83' lang='grc' dir='ltr'>ἔχοι</span> <span class='ocrx_word' id='word_1_176' title='bbox 545 2717 626 2781; x_wconf 89' lang='lat' dir='ltr'><strong>enim</strong></span> <span class='ocrx_word' id='word_1_177' title='bbox 647 2725 801 2802; x_wconf 84' lang='lat' dir='ltr'><strong>exspectes</strong></span> <span class='ocrx_word' id='word_1_178' title='bbox 820 2719 1004 2794; x_wconf 74' lang='grc' dir='ltr'>τάνιιχκοιῖοι.</span> <span class='ocrx_word' id='word_1_179' title='bbox 1040 2716 1138 2779; x_wconf 91' lang='lat' dir='ltr'><strong>Palat.</strong></span> <span class='ocrx_word' id='word_1_180' title='bbox 1160 2714 1253 2779; x_wconf 90' lang='lat' dir='ltr'><strong>habet</strong></span> 
     </span>
     <span class='ocr_line' id='line_1_22' title="bbox 164 2828 1014 2913; baseline -0.005 -16"><span class='ocrx_word' id='word_1_181' title='bbox 164 2840 274 2913; x_wconf 80' lang='grc' dir='ltr'>χρυσῆν</span> <span class='ocrx_word' id='word_1_182' title='bbox 296 2833 332 2904; x_wconf 75' lang='grc' dir='ltr'><strong>ὥς</strong></span> <span class='ocrx_word' id='word_1_183' title='bbox 355 2830 563 2911; x_wconf 68' lang='grc' dir='ltr'>Ἀριστοφάνην</span> <span class='ocrx_word' id='word_1_184' title='bbox 586 2831 692 2906; x_wconf 72' lang='grc' dir='ltr'>λαβεῖν</span> <span class='ocrx_word' id='word_1_185' title='bbox 714 2869 758 2878; x_wconf 88' lang='grc'>-</span> <span class='ocrx_word' id='word_1_186' title='bbox 782 2833 857 2910; x_wconf 81' lang='grc' dir='ltr'><strong>οούτῆ</strong></span> <span class='ocrx_word' id='word_1_187' title='bbox 881 2832 918 2893; x_wconf 90' lang='grc' dir='ltr'><strong>άν</strong></span> <span class='ocrx_word' id='word_1_188' title='bbox 942 2828 1014 2909; x_wconf 89' lang='grc' dir='ltr'>ἔχοι.</span> 
     </span>
    </p>

    <p class='ocr_par' dir='ltr' id='par_1_4' title="bbox 165 2939 1255 3136">
     <span class='ocr_line' id='line_1_23' title="bbox 209 2939 1253 3028; baseline -0.002 -25"><span class='ocrx_word' id='word_1_189' title='bbox 209 2944 225 3028; x_wconf 62' lang='grc' dir='ltr'><strong>ξ</strong></span> <span class='ocrx_word' id='word_1_190' title='bbox 249 2943 300 3005; x_wconf 75' lang='lat'><strong>28.</strong></span> <span class='ocrx_word' id='word_1_191' title='bbox 346 2942 393 3005; x_wconf 89' lang='lat' dir='ltr'><strong>De</strong></span> <span class='ocrx_word' id='word_1_192' title='bbox 417 2942 630 3025; x_wconf 82' lang='lat' dir='ltr'><strong>Aristophanis</strong></span> <span class='ocrx_word' id='word_1_193' title='bbox 654 2941 741 3005; x_wconf 87' lang='lat' dir='ltr'><strong>bonis</strong></span> <span class='ocrx_word' id='word_1_194' title='bbox 762 2964 853 3025; x_wconf 86' lang='lat' dir='ltr'><strong>agens</strong></span> <span class='ocrx_word' id='word_1_195' title='bbox 874 2948 990 3003; x_wconf 88' lang='lat' dir='ltr'><strong>orator:</strong></span> <span class='ocrx_word' id='word_1_196' title='bbox 1011 2941 1082 3003; x_wconf 79' lang='grc' dir='ltr'>άλλ’</span> <span class='ocrx_word' id='word_1_197' title='bbox 1102 2941 1190 3001; x_wconf 84' lang='grc' dir='ltr'>ἐκεῖνο</span> <span class='ocrx_word' id='word_1_198' title='bbox 1211 2939 1253 3002; x_wconf 83' lang='grc' dir='ltr'><strong>ἐν·</strong></span> 
     </span>
     <span class='ocr_line' id='line_1_24' title="bbox 165 3050 1255 3136; baseline -0.008 -16"><span class='ocrx_word' id='word_1_199' title='bbox 165 3054 314 3132; x_wconf 73' lang='grc' dir='ltr'>ἔυμεῖσάε,</span> <span class='ocrx_word' id='word_1_200' title='bbox 339 3051 380 3118; x_wconf 79' lang='grc' dir='ltr'><strong>ἔτι</strong></span> <span class='ocrx_word' id='word_1_201' title='bbox 410 3053 486 3136; x_wconf 71' lang='grc' dir='ltr'>[πρὶν</span> <span class='ocrx_word' id='word_1_202' title='bbox 508 3053 671 3133; x_wconf 75' lang='grc' dir='ltr'><strong>Νικοφήμῳ</strong></span> <span class='ocrx_word' id='word_1_203' title='bbox 691 3054 707 3126; x_wconf 85' lang='grc' dir='ltr'>ῆ</span> <span class='ocrx_word' id='word_1_204' title='bbox 728 3053 776 3116; x_wconf 70' lang='lat' dir='ltr'><strong>aa}</strong></span> <span class='ocrx_word' id='word_1_205' title='bbox 794 3050 1012 3135; x_wconf 80' lang='grc' dir='ltr'>Ἀριστοφάνει]</span> <span class='ocrx_word' id='word_1_206' title='bbox 1035 3050 1098 3128; x_wconf 76' lang='grc' dir='ltr'>πρὶν</span> <span class='ocrx_word' id='word_1_207' title='bbox 1119 3052 1172 3124; x_wconf 83' lang='grc' dir='ltr'><strong>τῆν</strong></span> <span class='ocrx_word' id='word_1_208' title='bbox 1188 3074 1255 3113; x_wconf 87' lang='grc' dir='ltr'>νοου-</span> 
     </span>
    </p>
   </div>
   <div class='ocr_carea' id='block_1_3' title="bbox 166 3148 1259 3585">
    <p class='ocr_par' dir='ltr' id='par_1_5' title="bbox 166 3148 1259 3585">
     <span class='ocr_line' id='line_1_25' title="bbox 166 3148 1253 3246; baseline -0.005 -18"><span class='ocrx_word' id='word_1_209' title='bbox 166 3166 285 3246; x_wconf 75' lang='grc' dir='ltr'><strong>,ιοκχέοιν</strong></span> <span class='ocrx_word' id='word_1_210' title='bbox 306 3173 417 3237; x_wconf 85' lang='grc' dir='ltr'>νικῆσοιι</span> <span class='ocrx_word' id='word_1_211' title='bbox 436 3172 481 3240; x_wconf 78' lang='grc' dir='ltr'><strong>χῆ</strong></span> <span class='ocrx_word' id='word_1_212' title='bbox 499 3165 564 3240; x_wconf 79' lang='grc' dir='ltr'><strong>μὲν</strong></span> <span class='ocrx_word' id='word_1_213' title='bbox 583 3166 632 3226; x_wconf 79' lang='grc' dir='ltr'><strong>οὐκ</strong></span> <span class='ocrx_word' id='word_1_214' title='bbox 652 3160 684 3238; x_wconf 81' lang='grc' dir='ltr'><strong>ῆν</strong></span> <span class='ocrx_word' id='word_1_215' title='bbox 703 3162 773 3227; x_wconf 75' lang='grc' dir='ltr'><strong>άλλ’</strong></span> <span class='ocrx_word' id='word_1_216' title='bbox 792 3148 949 3242; x_wconf 61' lang='grc' dir='ltr'>ῆχιοριῆιυν</span> <span class='ocrx_word' id='word_1_217' title='bbox 961 3162 1057 3240; x_wconf 83' lang='grc' dir='ltr'>μικρὸν</span> <span class='ocrx_word' id='word_1_218' title='bbox 1070 3163 1253 3237; x_wconf 79' lang='grc' dir='ltr'>Ῥοιμυοῦντι.</span> 
     </span>
     <span class='ocr_line' id='line_1_26' title="bbox 171 3271 1257 3359; baseline -0.007 -17"><span class='ocrx_word' id='word_1_219' title='bbox 171 3276 217 3342; x_wconf 80' lang='lat' dir='ltr'><strong>[u</strong></span> <span class='ocrx_word' id='word_1_220' title='bbox 248 3276 337 3340; x_wconf 91' lang='lat' dir='ltr'><strong>hodie</strong></span> <span class='ocrx_word' id='word_1_221' title='bbox 369 3276 430 3338; x_wconf 87' lang='lat' dir='ltr'><strong>fere</strong></span> <span class='ocrx_word' id='word_1_222' title='bbox 460 3274 573 3358; x_wconf 85' lang='lat' dir='ltr'><strong>legitur</strong></span> <span class='ocrx_word' id='word_1_223' title='bbox 602 3297 657 3359; x_wconf 93' lang='lat' dir='ltr'><strong>pro</strong></span> <span class='ocrx_word' id='word_1_224' title='bbox 688 3299 725 3351; x_wconf 72' lang='grc' dir='ltr'><strong>γε</strong></span> <span class='ocrx_word' id='word_1_225' title='bbox 753 3275 827 3350; x_wconf 69' lang='grc' dir='ltr'>μῆν,</span> <span class='ocrx_word' id='word_1_226' title='bbox 859 3272 911 3335; x_wconf 88' lang='lat' dir='ltr'><strong>sed</strong></span> <span class='ocrx_word' id='word_1_227' title='bbox 942 3271 995 3350; x_wconf 83' lang='grc' dir='ltr'><strong>μέν</strong></span> <span class='ocrx_word' id='word_1_228' title='bbox 1019 3273 1121 3335; x_wconf 90' lang='lat' dir='ltr'><strong>minus</strong></span> <span class='ocrx_word' id='word_1_229' title='bbox 1147 3279 1257 3357; x_wconf 90' lang='lat' dir='ltr'><strong>aptum</strong></span> 
     </span>
     <span class='ocr_line' id='line_1_27' title="bbox 167 3383 1258 3466; baseline -0.003 -17"><span class='ocrx_word' id='word_1_230' title='bbox 167 3388 295 3453; x_wconf 89' lang='lat' dir='ltr'><strong>videtur.</strong></span> <span class='ocrx_word' id='word_1_231' title='bbox 333 3386 535 3450; x_wconf 83' lang='lat' dir='ltr'><strong>Redeundum</strong></span> <span class='ocrx_word' id='word_1_232' title='bbox 554 3386 673 3450; x_wconf 89' lang='lat' dir='ltr'><strong>videtur</strong></span> <span class='ocrx_word' id='word_1_233' title='bbox 690 3386 728 3449; x_wconf 92' lang='lat' dir='ltr'><strong>ad</strong></span> <span class='ocrx_word' id='word_1_234' title='bbox 748 3386 909 3449; x_wconf 87' lang='lat' dir='ltr'><strong>lectionem</strong></span> <span class='ocrx_word' id='word_1_235' title='bbox 930 3385 1064 3448; x_wconf 89' lang='lat' dir='ltr'><strong>Palatini</strong></span> <span class='ocrx_word' id='word_1_236' title='bbox 1080 3409 1152 3465; x_wconf 83' lang='grc' dir='ltr'>μῆν,</span> <span class='ocrx_word' id='word_1_237' title='bbox 1172 3383 1258 3466; x_wconf 91' lang='lat' dir='ltr'><strong>quod</strong></span> 
     </span>
     <span class='ocr_line' id='line_1_28' title="bbox 168 3493 1259 3585; baseline -0.005 -23"><span class='ocrx_word' id='word_1_238' title='bbox 168 3520 219 3585; x_wconf 84' lang='lat' dir='ltr'><strong>per·</strong></span> <span class='ocrx_word' id='word_1_239' title='bbox 248 3502 437 3583; x_wconf 85' lang='lat' dir='ltr'><strong>frequentem</strong></span> <span class='ocrx_word' id='word_1_240' title='bbox 466 3497 674 3560; x_wconf 89' lang='lat' dir='ltr'><strong>confusionem</strong></span> <span class='ocrx_word' id='word_1_241' title='bbox 702 3493 873 3561; x_wconf 88' lang='lat' dir='ltr'><strong>litterarum</strong></span> <span class='ocrx_word' id='word_1_242' title='bbox 905 3508 964 3561; x_wconf 83' lang='grc' dir='ltr'><strong>ΛΑ</strong></span> <span class='ocrx_word' id='word_1_243' title='bbox 989 3504 1019 3559; x_wconf 85' lang='lat' dir='ltr'><strong>et</strong></span> <span class='ocrx_word' id='word_1_244' title='bbox 1044 3504 1078 3559; x_wconf 89' lang='lat' dir='ltr'>M</span> <span class='ocrx_word' id='word_1_245' title='bbox 1102 3494 1259 3558; x_wconf 84' lang='lat' dir='ltr'><strong>exstitisse</strong></span> 
     </span>
    </p>
   </div>
   <div class='ocr_carea' id='block_1_4' title="bbox 166 3607 1260 4472">
    <p class='ocr_par' dir='ltr' id='par_1_6' title="bbox 166 3607 1260 4141">
     <span class='ocr_line' id='line_1_29' title="bbox 167 3607 1259 3690; baseline -0.001 -18"><span class='ocrx_word' id='word_1_246' title='bbox 167 3611 288 3676; x_wconf 86' lang='lat' dir='ltr'><strong>videtur</strong></span> <span class='ocrx_word' id='word_1_247' title='bbox 312 3635 346 3674; x_wconf 81' lang='lat' dir='ltr'><strong>ex</strong></span> <span class='ocrx_word' id='word_1_248' title='bbox 371 3609 467 3683; x_wconf 74' lang='grc' dir='ltr'><strong>άλκῆε</strong></span> <span class='ocrx_word' id='word_1_249' title='bbox 495 3619 536 3688; x_wconf 76' lang='grc' dir='ltr'><strong>χῆ</strong></span> <span class='ocrx_word' id='word_1_250' title='bbox 564 3610 642 3683; x_wconf 66' lang='lat' dir='ltr'><strong>altha</strong></span> <span class='ocrx_word' id='word_1_251' title='bbox 670 3612 719 3674; x_wconf 83' lang='grc' dir='ltr'><strong>οὐκ</strong></span> <span class='ocrx_word' id='word_1_252' title='bbox 742 3607 791 3685; x_wconf 80' lang='grc' dir='ltr'><strong>ῆν,</strong></span> <span class='ocrx_word' id='word_1_253' title='bbox 816 3613 885 3673; x_wconf 78' lang='grc' dir='ltr'>άλλ’</span> <span class='ocrx_word' id='word_1_254' title='bbox 909 3609 926 3684; x_wconf 87' lang='grc' dir='ltr'>ῆ</span> <span class='ocrx_word' id='word_1_255' title='bbox 949 3624 982 3674; x_wconf 84' lang='grc' dir='ltr'><strong>κ.’</strong></span> <span class='ocrx_word' id='word_1_256' title='bbox 1001 3633 1026 3672; x_wconf 88' lang='grc' dir='ltr'><strong>τ.</strong></span> <span class='ocrx_word' id='word_1_257' title='bbox 1051 3610 1074 3671; x_wconf 82' lang='grc' dir='ltr'><strong>ἕ.</strong></span> <span class='ocrx_word' id='word_1_258' title='bbox 1111 3610 1164 3690; x_wconf 85' lang='grc' dir='ltr'><strong>(Γῆ</strong></span> <span class='ocrx_word' id='word_1_259' title='bbox 1189 3609 1259 3684; x_wconf 75' lang='grc' dir='ltr'>ἡμῖν</span> 
     </span>
     <span class='ocr_line' id='line_1_30' title="bbox 167 3718 1258 3804; baseline -0.003 -21"><span class='ocrx_word' id='word_1_260' title='bbox 167 3725 334 3788; x_wconf 81' lang='lat' dir='ltr'><strong>sententiae</strong></span> <span class='ocrx_word' id='word_1_261' title='bbox 365 3722 562 3804; x_wconf 86' lang='lat' dir='ltr'><strong>adversatur).</strong></span> <span class='ocrx_word' id='word_1_262' title='bbox 610 3721 769 3784; x_wconf 86' lang='lat' dir='ltr'><strong>Praeterea</strong></span> <span class='ocrx_word' id='word_1_263' title='bbox 801 3721 947 3784; x_wconf 82' lang='lat' dir='ltr'><strong>excidisse</strong></span> <span class='ocrx_word' id='word_1_264' title='bbox 969 3720 1091 3783; x_wconf 82' lang='lat' dir='ltr'><strong>videtur</strong></span> <span class='ocrx_word' id='word_1_265' title='bbox 1115 3718 1258 3795; x_wconf 85' lang='lat' dir='ltr'><strong>dativus,</strong></span> 
     </span>
     <span class='ocr_line' id='line_1_31' title="bbox 167 3829 1260 3920; baseline -0.004 -22"><span class='ocrx_word' id='word_1_266' title='bbox 167 3857 229 3919; x_wconf 85' lang='lat' dir='ltr'><strong>quo</strong></span> <span class='ocrx_word' id='word_1_267' title='bbox 246 3859 333 3920; x_wconf 86' lang='lat' dir='ltr'><strong>aegre</strong></span> <span class='ocrx_word' id='word_1_268' title='bbox 354 3856 506 3910; x_wconf 86' lang='lat' dir='ltr'><strong>caremus,</strong></span> <span class='ocrx_word' id='word_1_269' title='bbox 529 3833 729 3914; x_wconf 71' lang='grc' dir='ltr'>Ἀριστοφάνει</span> <span class='ocrx_word' id='word_1_270' title='bbox 748 3841 817 3918; x_wconf 91' lang='lat' dir='ltr'><strong>post</strong></span> <span class='ocrx_word' id='word_1_271' title='bbox 837 3830 896 3911; x_wconf 77' lang='grc' dir='ltr'>ἔτι,</span> <span class='ocrx_word' id='word_1_272' title='bbox 918 3855 989 3896; x_wconf 87' lang='lat' dir='ltr'><strong>nam</strong></span> <span class='ocrx_word' id='word_1_273' title='bbox 1005 3831 1095 3894; x_wconf 87' lang='lat' dir='ltr'><strong>verba</strong></span> <span class='ocrx_word' id='word_1_274' title='bbox 1115 3829 1159 3893; x_wconf 88' lang='lat' dir='ltr'><strong>ibi</strong></span> <span class='ocrx_word' id='word_1_275' title='bbox 1180 3830 1260 3894; x_wconf 83' lang='lat' dir='ltr'><strong>lecta</strong></span> 
     </span>
     <span class='ocr_line' id='line_1_32' title="bbox 167 3940 1260 4031; baseline -0.003 -23"><span class='ocrx_word' id='word_1_276' title='bbox 167 3944 320 4031; x_wconf 80' lang='lat' dir='ltr'><strong>adscripta</strong></span> <span class='ocrx_word' id='word_1_277' title='bbox 349 3943 492 4007; x_wconf 89' lang='lat' dir='ltr'><strong>videntur</strong></span> <span class='ocrx_word' id='word_1_278' title='bbox 521 3944 615 4006; x_wconf 89' lang='lat' dir='ltr'><strong>fuisse</strong></span> <span class='ocrx_word' id='word_1_279' title='bbox 644 3945 676 4007; x_wconf 92' lang='lat' dir='ltr'><strong>in</strong></span> <span class='ocrx_word' id='word_1_280' title='bbox 706 3946 841 4029; x_wconf 89' lang='lat' dir='ltr'><strong>margine</strong></span> <span class='ocrx_word' id='word_1_281' title='bbox 870 3969 887 4008; x_wconf 89' lang='lat' dir='ltr'><strong>a</strong></span> <span class='ocrx_word' id='word_1_282' title='bbox 910 3945 1033 4008; x_wconf 87' lang='lat' dir='ltr'><strong>librario</strong></span> <span class='ocrx_word' id='word_1_283' title='bbox 1058 3951 1093 4006; x_wconf 88' lang='lat' dir='ltr'><strong>ut</strong></span> <span class='ocrx_word' id='word_1_284' title='bbox 1115 3940 1260 4005; x_wconf 88' lang='lat' dir='ltr'><strong>lacunam</strong></span> 
     </span>
     <span class='ocr_line' id='line_1_33' title="bbox 166 4056 743 4141; baseline 0 -22"><span class='ocrx_word' id='word_1_285' title='bbox 166 4067 235 4141; x_wconf 81' lang='lat' dir='ltr'><strong>post</strong></span> <span class='ocrx_word' id='word_1_286' title='bbox 258 4056 298 4123; x_wconf 78' lang='grc' dir='ltr'><strong>ἔτι</strong></span> <span class='ocrx_word' id='word_1_287' title='bbox 323 4081 359 4121; x_wconf 85' lang='lat' dir='ltr'><strong>ex</strong></span> <span class='ocrx_word' id='word_1_288' title='bbox 382 4057 555 4119; x_wconf 83' lang='lat' dir='ltr'><strong>coniectura</strong></span> <span class='ocrx_word' id='word_1_289' title='bbox 578 4056 743 4141; x_wconf 86' lang='lat' dir='ltr'><strong>suppleret.</strong></span> 
     </span>
    </p>

    <p class='ocr_par' dir='ltr' id='par_1_7' title="bbox 166 4165 1260 4472">
     <span class='ocr_line' id='line_1_34' title="bbox 211 4165 1260 4253; baseline -0.001 -22"><span class='ocrx_word' id='word_1_290' title='bbox 211 4171 302 4253; x_wconf 61' lang='grc' dir='ltr'><strong>ρῆῆ.</strong></span> <span class='ocrx_word' id='word_1_291' title='bbox 333 4169 403 4233; x_wconf 87' lang='grc' dir='ltr'>’Έτι</span> <span class='ocrx_word' id='word_1_292' title='bbox 427 4167 456 4230; x_wconf 74' lang='grc' dir='ltr'><strong>δὲ</strong></span> <span class='ocrx_word' id='word_1_293' title='bbox 478 4165 545 4244; x_wconf 75' lang='grc' dir='ltr'><strong>πρὸς</strong></span> <span class='ocrx_word' id='word_1_294' title='bbox 568 4166 676 4236; x_wconf 77' lang='grc' dir='ltr'>τούτοις</span> <span class='ocrx_word' id='word_1_295' title='bbox 700 4165 804 4230; x_wconf 74' lang='lat' dir='ltr'><strong>claudat</strong></span> <span class='ocrx_word' id='word_1_296' title='bbox 827 4167 885 4245; x_wconf 86' lang='grc' dir='ltr'><strong>χρῆ</strong></span> <span class='ocrx_word' id='word_1_297' title='bbox 909 4167 1022 4230; x_wconf 79' lang='grc' dir='ltr'>ἔτιτκοι</span> <span class='ocrx_word' id='word_1_298' title='bbox 1042 4167 1143 4231; x_wconf 73' lang='grc' dir='ltr'>πολλά</span> <span class='ocrx_word' id='word_1_299' title='bbox 1162 4190 1260 4231; x_wconf 86' lang='grc' dir='ltr'>κοοτοο-</span> 
     </span>
     <span class='ocr_line' id='line_1_35' title="bbox 166 4277 1259 4364; baseline 0 -24"><span class='ocrx_word' id='word_1_300' title='bbox 166 4281 344 4357; x_wconf 52' lang='lat' dir='ltr'><strong>attamen.</strong></span> <span class='ocrx_word' id='word_1_301' title='bbox 370 4280 419 4343; x_wconf 84' lang='lat' dir='ltr'><strong>Sic</strong></span> <span class='ocrx_word' id='word_1_302' title='bbox 443 4287 565 4364; x_wconf 88' lang='lat' dir='ltr'><strong>propter</strong></span> <span class='ocrx_word' id='word_1_303' title='bbox 589 4279 773 4342; x_wconf 88' lang='lat' dir='ltr'><strong>sententiam</strong></span> <span class='ocrx_word' id='word_1_304' title='bbox 797 4278 900 4341; x_wconf 90' lang='lat' dir='ltr'><strong>malim</strong></span> <span class='ocrx_word' id='word_1_305' title='bbox 924 4301 1016 4362; x_wconf 91' lang='lat' dir='ltr'><strong>quam</strong></span> <span class='ocrx_word' id='word_1_306' title='bbox 1039 4300 1108 4341; x_wconf 92' lang='lat' dir='ltr'><strong>cum</strong></span> <span class='ocrx_word' id='word_1_307' title='bbox 1132 4277 1259 4342; x_wconf 85' lang='lat' dir='ltr'><strong>Reiskio</strong></span> 
     </span>
     <span class='ocr_line' id='line_1_36' title="bbox 167 4386 1260 4472; baseline 0.001 -19"><span class='ocrx_word' id='word_1_308' title='bbox 167 4386 254 4454; x_wconf 72' lang='grc' dir='ltr'>οἴεσθε</span> <span class='ocrx_word' id='word_1_309' title='bbox 278 4401 394 4472; x_wconf 82' lang='grc' dir='ltr'>χρῆνοιι.</span> <span class='ocrx_word' id='word_1_310' title='bbox 440 4390 526 4454; x_wconf 86' lang='lat' dir='ltr'><strong>Libri</strong></span> <span class='ocrx_word' id='word_1_311' title='bbox 549 4388 653 4453; x_wconf 77' lang='grc' dir='ltr'>οέεσάοιι</span> <span class='ocrx_word' id='word_1_312' title='bbox 676 4398 792 4470; x_wconf 89' lang='grc' dir='ltr'>χρῆνοιι.</span> <span class='ocrx_word' id='word_1_313' title='bbox 837 4387 953 4455; x_wconf 78' lang='grc' dir='ltr'>Οέεσάοιι</span> <span class='ocrx_word' id='word_1_314' title='bbox 976 4393 1051 4469; x_wconf 84' lang='grc' dir='ltr'><strong>χρῆ;</strong></span> <span class='ocrx_word' id='word_1_315' title='bbox 1076 4411 1173 4467; x_wconf 90' lang='lat' dir='ltr'><strong>„num</strong></span> <span class='ocrx_word' id='word_1_316' title='bbox 1191 4411 1260 4454; x_wconf 85' lang='lat' dir='ltr'><strong>cun-</strong></span> 
     </span>
    </p>
   </div>
   <div class='ocr_carea' id='block_1_5' title="bbox 0 0 1433 5024">
    <p class='ocr_par' dir='ltr' id='par_1_8' title="bbox 0 0 1433 5024">
     <span class='ocr_line' id='line_1_37' title="bbox 0 0 1433 5024; baseline 0 0"><span class='ocrx_word' id='word_1_317' title='bbox 0 0 1433 5024; x_wconf 95' lang='lat' dir='ltr'><strong> </strong></span> 
     </span>
    </p>
   </div>
  </div>
 </body>
</html>
