2850 5024
657 381 698 442 85

133 581 203 644 XV.
236 583 311 662 149)
343 581 423 647 κοοκά
451 578 639 660 ἕογάζεοθου,
664 579 713 643 nai
736 579 802 650 τοὺς
825 578 966 650 τοιούτους
990 580 1126 645 iactaris.
1176 585 1221 648 Οὐ

132 694 192 772 γὰρ
220 698 267 757 νῦν
294 697 402 773 πρῶτον
424 694 465 772 τῷ
489 692 614 772 ὑμετέρῳ
638 691 738 764 πλήθει
762 691 906 757 τάνοουτίοο
929 689 1062 766 ἕτοοοξευ.
1110 692 1220 757 Reiske

133 827 195 868 non
225 805 378 890 perspexit
409 827 523 869 nexum
554 804 791 880 sententiarum,
824 804 878 887 qui
906 804 1054 888 abruptus
1079 811 1124 866 est
1147 826 1221 888 quo-

133 914 312 992 dammod03
336 938 406 979 nam
430 915 504 979 haec
527 916 570 978 ita
586 914 768 978 cohaerent:
785 915 936 992 „miratus
952 937 1020 978 sum
1037 937 1101 978 esse
1118 915 1221 978 etiam-

131 1048 238 1105 „nunc
265 1027 318 1112 qui
348 1027 582 1092 Eratosthenem
615 1026 797 1104 defendant3
828 1065 873 1076 —
904 1049 1089 1113 quamquam
1115 1027 1219 1091 mirari

131 1138 290 1217 ‚‚desino,'
311 1138 365 1203 ubi
395 1148 522 1224 reputo,
553 1138 705 1202 maleficos
730 1162 746 1201 a
770 1137 913 1202 maleficis
937 1138 1077 1215 defendi3
1104 1137 1218 1201 —hio

131 1252 234 1327 „enim
246 1272 307 1314 non
319 1273 402 1314 nunc
413 1251 546 1335 primum
554 1256 670 1314 vestrae
682 1249 860 1314 obversatur
866 1249 1093 1313 multitudini.'’
1117 1249 1218 1314 Pilum

130 1361 226 1446 igitur
249 1361 394 1424 orationis
417 1361 581 1445 abruptum
604 1384 658 1445 por
680 1362 775 1437 τλήυ,
800 1361 964 1424 resumitur
988 1369 1057 1447 post
1073 1363 1215 1445 ἐτοουεῖυ,

130 1481 161 1535 et
191 1471 266 1552 γάο,
290 1473 483 1537 referendum
507 1472 545 1536 ad
570 1473 743 1557 superiora,
769 1471 978 1536 admirationis
1002 1495 1124 1536 eausam
1148 1496 1217 1558 sug·

130 1583 210 1669 gerit
216 1610 226 1661 3
250 1583 288 1646 cf.
314 1606 407 1669 supra
428 1586 445 1668 p
468 1586 520 1648 27.
567 1582 660 1662 Quod
685 1582 711 1645 si
734 1583 778 1646 ita
801 1592 864 1659 est,
889 1605 944 1669 pro
969 1584 1037 1664 ὑπὲρ
1060 1588 1153 1649 αὐτῶν
1176 1585 1217 1650 le-

131 1695 263 1780 gendum
292 1695 360 1774 ὑπὲρ
389 1698 508 1760 αὐτοῦ.
554 1693 625 1758 Non
658 1717 722 1758 esse
752 1693 873 1758 videtur
904 1686 1056 1759 curcum
1081 1695 1216 1781 Kaysero

130 1805 277 1889 quaedam
301 1813 370 1891 post
393 1807 519 1870 ἑτουυεῖυ
541 1805 730 1870 intercidisse
754 1811 906 1890 putemus.

174 1918 190 2001 t
214 1919 265 1980 53.
311 1916 431 1989 Πολλάς
453 1915 578 1996 ἑκάτεροο
601 1917 722 1989 tacdae
746 1917 866 1997 εἴχομεν
887 1917 954 1998 τοὺς
974 1918 1120 1993 ἀλλήλους
1136 1920 1215 1985 ἔοεο-

128 2033 190 2108 θοοι,
220 2034 257 2103 ὡς
286 2032 446 2113 ἀμφότεροι
469 2031 629 2109 adeliciam.
652 2068 697 2079 -
720 2031 891 2107 Ἐδείξοομευ
915 2054 969 2115 pro
993 2031 1092 2109 ἕδοξοον
1115 2053 1215 2117 recep

127 2150 196 2207 tum
227 2149 274 2206 est
303 2143 422 2207 monitu
455 2142 560 2220 Geeli,
591 2143 644 2226 qui
675 2143 802 2227 primam
832 2165 991 2227 personam
1013 2145 1213 2207 necessariam

129 2275 194 2316 esse
224 2253 319 2330 vidit,
353 2260 388 2316 ut
419 2255 570 2317 sententia
601 2254 657 2316 sit:
690 2261 726 2317 ut
750 2254 873 2338 utrique
896 2254 984 2318 factis
1007 2254 1212 2340 probavimus.

129 2363 189 2427 Sed
217 2364 387 2428 difficiliora
410 2374 483 2429 sunt
506 2367 623 2449 priora;
648 2388 718 2430 nam
743 2388 1001 2451 supervacaneum
1024 2375 1070 2431 est
1092 2389 1213 2431 monere

128 2474 196 2553 πρὸς
219 2477 365 2549 ἀλλήλους
390 2477 503 2542 ἔοετάοοι
527 2499 589 2540 non
613 2499 701 2561 posse
725 2477 912 2561 significare;
931 2482 1039 2544 atteror
1053 2483 1213 2545 adulteros

127 2609 300 2652 accessuros
323 2586 459 2671 (Remu).
485 2576 727 2651 Rauchensteiri:
742 2593 812 2652 wir
834 2592 959 2653 worden
982 2593 1156 2656 οοάἀονοοάο
1179 2615 1212 2656 ro

122 2717 217 2783 papea
248 2703 390 2763 einander
420 2705 484 2763 reia
514 2737 557 2746 -
587 2722 620 2763 οο
649 2702 836 2764 verrdhatich
866 2738 909 2748 -
941 2706 999 2764 wie
1020 2704 1102 2766 boida
1124 2708 1212 2768 ttrite

124 2815 247 2895 mytra.
294 2809 354 2873 Sed
376 2809 450 2874 haec
472 2811 505 2873 in
529 2809 627 2874 verbis
650 2832 713 2873 non
736 2810 858 2887 insunt;
881 2834 951 2875 nam
967 2818 1004 2875 ut
1019 2835 1124 2896 graece
1140 2814 1210 2878 talis

124 2920 276 2985 sententia
299 2919 469 2998 efferretur,
494 2920 677 2985 mutandum
700 2923 793 2985 foret:
815 2922 894 3003 περὶ
917 2925 1064 2998 ἀλλήλους
1085 2924 1208 3008 tractat,

123 3027 188 3097 οἶοι
212 3031 311 3116 (ὄντες)
335 3019 495 3115 ἀμφότεροι
519 3031 678 3111 strigorem.
726 3033 798 3098 Non
822 3035 904 3098 enim
927 3058 1069 3121 graecum
1090 3045 1135 3101 est
1151 3039 1209 3114 εἰμὶ

123 3145 276 3224 περίτονος
298 3142 400 3217 οὕτως,
424 3147 460 3215 ὡς
485 3167 539 3229 pro
562 3150 701 3221 τοιοῦτος,
721 3141 784 3217 οἶος.
820 3145 1013 3212 Hamakerus
1041 3150 1209 3213 sententiae

124 3262 214 3340 putat
241 3255 413 3318 satisfacere
443 3255 694 3334 διολλογήοεοήοοο
723 3279 776 3342 pro
800 3257 930 3334 ἔσεσθαι,
952 3258 1111 3324 Scheibius
1135 3260 1207 3324 olim

124 3368 285 3453 proposuit
314 3367 492 3434 οτείοεοάοο.
539 3367 598 3431 Sed
630 3369 692 3432 siue
723 3368 797 3446 hoc,
826 3371 890 3433 sive
912 3370 1009 3448 illud,
1034 3372 1096 3435 sive
1124 3371 1208 3436 aliud

123 3478 230 3543 similis
254 3479 485 3563 significationis
509 3479 692 3544 vocabulum
716 3479 894 3558 adsciveris,
916 3483 1018 3545 minus
1034 3490 1104 3568 apta
1120 3493 1209 3548 erunt

123 3613 200 3676 quae
231 3600 419 3675 sequuntur;
452 3615 523 3656 nam
553 3602 622 3677 post
654 3600 918 3657 commemoratam
948 3592 1076 3658 foederis
1104 3617 1205 3679 spem,

122 3725 200 3788 quae
224 3709 335 3768 eventu
347 3701 543 3787 comprobata
559 3703 599 3767 sit
615 3704 662 3785 (ὣς
677 3704 760 3784 ἀμφ.
778 3703 845 3786 a),
863 3712 1017 3788 exspectes
1033 3706 1065 3767 in
1082 3727 1207 3789 sequen-

121 3813 205 3878 tibus
235 3815 342 3878 foedus
373 3815 485 3878 initum
514 3823 568 3878 aut
599 3821 679 3879 certe
707 3821 861 3879 tentatum
884 3815 954 3880 dici.
1003 3815 1097 3896 Quod
1120 3839 1206 3880 secus

119 3935 180 4004 est;
205 3926 283 3991 nihil
307 3927 388 3990 euim
410 3927 448 3989 iis
472 3926 700 4011 comprobatur,
726 3949 818 4011 quam
841 3929 977 3992 animum
994 3942 1085 4012 atque
1101 3928 1206 3993 volun·

117 4048 212 4102 tatem
246 4039 359 4101 civium
389 4037 427 4101 ad
456 4037 733 4102 reconciliationem
766 4039 860 4102 fuisse
892 4039 1065 4123 proclivem.
1117 4039 1206 4103 Hanc

116 4150 213 4234 igitur
251 4171 334 4233 spem
369 4150 480 4212 fovisse
512 4155 658 4233 utrosque
690 4148 788 4213 verbis
819 4153 969 4236 corruptis
1001 4151 1205 4235 significatum

116 4261 211 4325 fuisse
234 4258 364 4323 videtur.
401 4259 481 4323 Vide
504 4283 578 4323 num
602 4260 672 4323 ferri
695 4261 808 4345 possit:
834 4263 948 4333 τολλάς
972 4262 1097 4341 ἓκάτεροι
1120 4264 1203 4327 taal-

118 4372 171 4443 aar
194 4371 313 4452 εἴχομεν
336 4379 417 4456 τράοο
441 4373 508 4452 πρὸς
531 4372 676 4447 ἀλλήλους
700 4371 827 4455 irrotat,
852 4375 888 4445 ὡς
911 4375 1070 4456 ἀμφότεροι
1094 4372 1202 4450 §tetga-
