2850 5024
719 325 780 387 1⁷2

207 516 352 607 leguntur
375 523 576 588 necessariam
592 522 749 586 continent
765 543 884 586 morum
901 522 1118 586 defensionem.
1143 520 1186 585 Et
1201 522 1307 605 primo

208 633 330 714 quidem
354 631 433 694 illud
456 631 571 695 refutat
593 631 706 694 crimen
728 652 815 707 reus,
841 631 925 713 quod
948 653 985 694 11
1008 631 1151 706 artificio,
1176 651 1240 714 quo
1262 629 1307 692 vi·

207 749 271 806 tam
294 742 487 825 aliquatenus
511 740 717 817 sustentabat,
740 741 865 823 petitur,
885 746 921 801 ut
938 739 976 803 ab
994 739 1083 803 initio
1101 741 1129 822 (q
1144 741 1176 822 6)
1194 761 1307 824 oppor-

207 852 371 915 tunitatem
396 850 505 913 habeat
529 871 601 913 suae
624 851 702 915 vitae
724 848 919 912 enarrandae.
948 846 1041 927 Quod
1057 870 1093 912 ex
1109 848 1303 931 equitatione

208 959 346 1023 effecerat
379 967 551 1036 accusator,
583 981 667 1024 reum
699 981 823 1043 corpore
855 959 954 1022 valere
991 962 1057 1040 (τῆς
1084 965 1136 1022 τοῦ
1164 959 1306 1035 σώματος

207 1070 339 1152 1111111
363 1072 408 1154 5),
432 1070 466 1133 id
489 1069 598 1134 callide
621 1068 784 1153 detorquet
807 1075 911 1132 orator
933 1071 949 1152 1
974 1071 1031 1145 10,
1057 1091 1117 1152 sq,
1143 1090 1305 1153 opponens

208 1201 240 1242 se
263 1201 341 1262 equo
364 1180 433 1242 vehi
456 1186 579 1263 propter
602 1186 828 1264 paupertatem,
855 1179 943 1261 quasi
964 1177 1044 1241 illud
1063 1186 1212 1261 tanquam
1228 1198 1306 1261 opn-

207 1288 320 1351 lentiae
346 1287 495 1350 indicium
527 1269 685 1351 accusator
709 1287 872 1350 attulisset.
913 1287 959 1350 De
983 1286 1206 1350 consuetudine
1230 1308 1305 1350 cum

208 1395 344 1483 prodigis
376 1419 467 1481 agens
497 1399 514 1480 q
547 1400 604 1473 19,
637 1420 681 1480 sq.
716 1406 817 1461 astute
847 1398 959 1460 vitium
990 1418 1112 1473 eorum,
1137 1398 1192 1481 qui
1215 1419 1305 1460 suam

209 1506 335 1570 domum
358 1504 610 1590 frequentabant,
635 1508 785 1569 convertit
803 1507 836 1569 in
853 1528 958 1569 omnes
975 1505 1194 1583 Athenienses,
1214 1507 1306 1589 quasi

210 1637 332 1691 omnes,
357 1615 466 1699 quiin
490 1615 631 1678 tabernas
655 1614 693 1677 ad
718 1614 819 1678 forum
835 1616 996 1685 convenire
1013 1614 1161 1692 solerent,
1179 1616 1304 1678 eosdem

210 1748 308 1790 mores
339 1725 487 1789 haberent
517 1728 544 1809 (q
576 1729 636 1788 20:
669 1725 736 1790 ὥστ’
769 1725 860 1797 εἴτις
883 1750 910 1792 ιι.
935 1727 1043 1808 τ.,ἓ.),
1067 1726 1185 1806 inquo
1210 1724 1305 1807 plane

210 1833 332 1918 Lysiam
356 1835 558 1918 agnoscimus.
603 1834 756 1918 Simplicis
779 1835 910 1897 hominis
935 1834 1158 1918 argumentatio
1182 1855 1218 1896 ea
1241 1840 1304 1909 est,

211 1966 272 2027 qua
302 1966 339 2007 ex
368 1944 544 2007 coniectura
573 1944 610 2006 de
640 1965 691 2020 eo,
718 1943 800 2026 quod
824 1951 1031 2008 accusatorem
1054 1942 1220 2026 aliquando
1243 1942 1307 2005 fac-

211 2060 316 2116 turum
344 2052 439 2116 fuisse
470 2060 708 2117 consentaneum
741 2061 836 2131 esset,
860 2062 1007 2138 tanquam
1031 2077 1067 2117 cx
1089 2076 1122 2117 re
1145 2054 1183 2117 ab
1207 2053 1308 2116 omni-

210 2162 268 2227 bus
299 2183 442 2226 concessa
465 2170 680 2246 argumentum
703 2165 818 2247 petitur
842 2166 868 2247 (1
892 2167 940 2247 9),
967 2164 1050 2247 quod
1074 2183 1262 2249 quamquam
1287 2183 1307 2223 a

209 2270 329 2355 vulgari
359 2272 469 2357 Lysiae
499 2274 617 2337 ratione
648 2296 711 2337 non
743 2274 903 2350 abhorret,
935 2282 1037 2337 tamen
1060 2273 1209 2338 hocloco
1234 2292 1308 2334 con-

211 2379 292 2443 sulto
316 2381 354 2444 ab
378 2403 413 2444 eo
436 2382 552 2447 factum
575 2390 650 2466 puto
674 2383 713 2446 ad
736 2383 829 2447 huius
852 2383 994 2448 οὶδυνοὶτου
1017 2383 1176 2466 ingenium
1192 2381 1308 2445 descri-

209 2489 361 2566 bendum3
398 2490 504 2554 eodem
539 2491 666 2555 consilio
699 2492 745 2555 bis
776 2491 956 2555 familiarem
987 2492 1047 2555 sibi
1077 2491 1304 2576 oppositionem

209 2599 290 2662 inter
320 2622 411 2664 acum
442 2601 496 2682 qui
527 2601 709 2683 persuadeat
733 2609 764 2665 11
785 2623 884 2666 omnes
907 2602 960 2684 qni
984 2623 1071 2665 secus
1095 2603 1230 2665 sentiant
1253 2601 1307 2664 ad-

210 2709 315 2773 hibuit
344 2712 361 2793 q
386 2713 443 2773 13:
476 2716 608 2774 τοσοῦτον
632 2711 661 2774 δὲ
684 2710 843 2790 διενήνοχεν
866 2710 1064 2792 ἀναισχυντίᾳ
1085 2716 1140 2775 τῶν
1163 2711 1307 2776 οὶποέντων

210 2804 377 2897 tripolitan,
401 2817 464 2883 tet
490 2821 568 2896 ὑμᾶς
592 2825 728 2897 πειρᾶται
752 2821 872 2893 πείθειν,
898 2821 1047 2891 τοσούτους
1071 2820 1169 2902 ὄντας,
1190 2815 1230 2891 εἷς
1250 2820 1304 2902 ὤν,

209 2929 245 2997 ὡς
269 2930 319 2992 οὐκ
341 2929 400 3004 εἰμὶ
423 2935 479 2992 τῶν
503 2928 651 3005 οὶδυνοὶτοον
675 2930 742 3004 ἐγώ.
767 2928 805 2992 11.
829 2931 846 3012 q
870 2930 922 2992 22.
955 2929 1014 2992 His
1040 2929 1152 2993 similia
1175 2929 1235 2992 alia
1251 2950 1307 2993 no-

209 3037 341 3099 tavimus
364 3037 397 3099 in
419 3036 513 3120 Lysia
536 3037 575 3101 ad
599 3040 650 3100 20.
680 3039 737 3114 10;
763 3037 834 3101 add.
860 3041 912 3100 30.
938 3040 979 3100 32
998 3041 1096 3102 1131,
1115 3041 1167 3101 31.
1195 3037 1306 3101 Faten-

210 3145 284 3210 dum
309 3153 355 3208 est
378 3147 436 3210 hoe
460 3155 675 3232 argumentum
699 3170 764 3211 esse
788 3148 953 3212 admodum
977 3148 1107 3233 simplex
1130 3148 1305 3222 1111111111

211 3257 365 3341 quandam
388 3258 533 3342 11111111,-
559 3266 659 3322 ο111ο1
679 3257 774 3320 sumit
789 3265 938 3340 tanquam
954 3265 1087 3335 certum,
1105 3280 1209 3321 omnes
1224 3256 1307 3321 iudi·

211 3388 259 3429 ces
290 3366 349 3429 sibi
372 3367 488 3444 favere,
515 3374 545 3431 et
569 3368 643 3432 adeo
667 3390 774 3431 causae
799 3369 925 3431 confidit
948 3390 1042 3445 suae,
1066 3375 1102 3453 ut
1126 3369 1226 3430 animo
1250 3367 1306 3429 fin-

210 3497 280 3558 gere
313 3497 375 3539 non
412 3479 523 3561 possit,
558 3499 745 3562 quemquam
779 3501 848 3541 cum
879 3478 1051 3541 adversario
1075 3478 1172 3540 facere
1195 3497 1304 3559 posse;

211 3584 463 3670 disceptationem
487 3587 524 3652 de
545 3588 611 3652 iure
628 3589 784 3671 postulare
800 3589 973 3652 libertatem
987 3585 1207 3671 persuadendi,
1225 3584 1302 3649 adeo

211 3695 403 3760 obliviscitur
430 3705 466 3760 ut
494 3698 656 3783 impudens
680 3700 708 3762 ei
731 3699 887 3776 videatur,
912 3698 966 3780 qui
989 3697 1171 3783 persuadere
1193 3696 1303 3760 iudici·

211 3805 268 3869 bus
292 3815 428 3870 conetur.
472 3806 531 3872 Sed
555 3808 696 3873 consulto
719 3809 780 3872 tale
804 3807 880 3892 quid
903 3808 976 3871 hnic
999 3807 1118 3871 homini
1140 3807 1303 3890 adscripsit

211 3913 336 3998 Lysiae,
362 3922 470 4000 utpote
495 3918 558 3981 eius
582 3919 706 4001 ingenio
730 3917 820 3980 unice
843 3917 1114 3980 accommodatum.
1150 3914 1304 4000 Simplicis

211 4026 308 4109 igitur
340 4026 471 4089 hominis
504 4033 610 4110 pectus
634 4033 665 4090 et
688 4028 856 4091 orationem
881 4029 1044 4112 expressit,
1069 4026 1122 4090 sed
1145 4027 1220 4089 latet
1243 4024 1302 4088 sub

212 4133 271 4197 hoc
295 4135 384 4218 quasi
408 4136 521 4199 amictu
546 4135 697 4200 calliditas
704 4162 713 4214 3
743 4144 773 4200 et
796 4136 885 4200 facile
909 4137 1002 4201 animi
1026 4136 1083 4201 sub
1100 4136 1191 4220 vulpe
1205 4135 1302 4198 laten·

212 4248 258 4306 tes
281 4243 398 4307 iudices
422 4251 563 4328 poterant
588 4245 735 4330 decipere.
1256 4228 1260 4236 .
