<?xml version="1.0" encoding="UTF-8"?>
<!DOCTYPE html PUBLIC "-//W3C//DTD XHTML 1.0 Transitional//EN"
    "http://www.w3.org/TR/xhtml1/DTD/xhtml1-transitional.dtd">
<html xmlns="http://www.w3.org/1999/xhtml" xml:lang="en" lang="en">
 <head>
  <title>
</title>
<meta http-equiv="Content-Type" content="text/html;charset=utf-8" />
  <meta name='ocr-system' content='tesseract 3.04.00' />
  <meta name='ocr-capabilities' content='ocr_page ocr_carea ocr_par ocr_line ocrx_word'/>
</head>
<body>
  <div class='ocr_page' id='page_1' title='image "./commentationesl00frangoog_0130.png"; bbox 0 0 2850 5024; ppageno 0'>
   <div class='ocr_carea' id='block_1_1' title="bbox 659 389 719 451">
    <p class='ocr_par' dir='ltr' id='par_1_1' title="bbox 659 389 719 451">
     <span class='ocr_line' id='line_1_1' title="bbox 659 389 719 451; baseline 0.067 -4"><span class='ocrx_word' id='word_1_1' title='bbox 659 389 719 451; x_wconf 81' lang='lat'>117</span> 
     </span>
    </p>
   </div>
   <div class='ocr_carea' id='block_1_2' title="bbox 148 585 1286 4468">
    <p class='ocr_par' dir='ltr' id='par_1_2' title="bbox 148 585 1243 1561">
     <span class='ocr_line' id='line_1_2' title="bbox 150 585 1233 672; baseline -0.001 -25"><span class='ocrx_word' id='word_1_2' title='bbox 150 585 210 648; x_wconf 87' lang='lat' dir='ltr'>uisi</span> <span class='ocrx_word' id='word_1_3' title='bbox 233 591 350 649; x_wconf 85' lang='lat' dir='ltr'>statuas</span> <span class='ocrx_word' id='word_1_4' title='bbox 375 596 557 671; x_wconf 87' lang='lat' dir='ltr'>usurpatum</span> <span class='ocrx_word' id='word_1_5' title='bbox 582 587 841 672; x_wconf 82' lang='lat' dir='ltr'><strong>quemadmodum</strong></span> <span class='ocrx_word' id='word_1_6' title='bbox 865 586 969 667; x_wconf 80' lang='grc' dir='ltr'><em>οὶδνκῶ,</em></span> <span class='ocrx_word' id='word_1_7' title='bbox 994 589 1124 648; x_wconf 71' lang='lat' dir='ltr'>iniustus</span> <span class='ocrx_word' id='word_1_8' title='bbox 1148 607 1233 661; x_wconf 81' lang='grc' dir='ltr'><em>ουννο,</em></span> 
     </span>
     <span class='ocr_line' id='line_1_3' title="bbox 148 693 1237 784; baseline -0.003 -24"><span class='ocrx_word' id='word_1_9' title='bbox 148 697 272 778; x_wconf 75' lang='grc' dir='ltr'><em>φεύγω,</em></span> <span class='ocrx_word' id='word_1_10' title='bbox 295 701 384 762; x_wconf 68' lang='lat' dir='ltr'>occid</span> <span class='ocrx_word' id='word_1_11' title='bbox 405 721 485 778; x_wconf 78' lang='lat' dir='ltr'>sum,</span> <span class='ocrx_word' id='word_1_12' title='bbox 508 700 641 775; x_wconf 83' lang='grc' dir='ltr'><em>κλέπτο,</em></span> <span class='ocrx_word' id='word_1_13' title='bbox 669 701 761 784; x_wconf 81' lang='lat' dir='ltr'>furti</span> <span class='ocrx_word' id='word_1_14' title='bbox 782 705 879 763; x_wconf 70' lang='grc' dir='ltr'><em>ύυνοοον</em></span> <span class='ocrx_word' id='word_1_15' title='bbox 911 697 1016 781; x_wconf 83' lang='lat' dir='ltr'>(Arist.</span> <span class='ocrx_word' id='word_1_16' title='bbox 1042 693 1117 757; x_wconf 85' lang='lat' dir='ltr'>Rau.</span> <span class='ocrx_word' id='word_1_17' title='bbox 1144 696 1237 778; x_wconf 82' lang='lat' dir='ltr'>elo),</span> 
     </span>
     <span class='ocr_line' id='line_1_4' title="bbox 151 807 1236 894; baseline 0 -23"><span class='ocrx_word' id='word_1_18' title='bbox 151 807 254 888; x_wconf 70' lang='grc' dir='ltr'><em>ὑβρίζον</em></span> <span class='ocrx_word' id='word_1_19' title='bbox 282 837 325 870; x_wconf 87' lang='lat'><strong><em>=</em></strong></span> <span class='ocrx_word' id='word_1_20' title='bbox 356 809 492 891; x_wconf 70' lang='grc' dir='ltr'>ύβρνοτίνς</span> <span class='ocrx_word' id='word_1_21' title='bbox 525 811 586 887; x_wconf 71' lang='grc' dir='ltr'>εἶμί</span> <span class='ocrx_word' id='word_1_22' title='bbox 608 811 698 894; x_wconf 81' lang='lat' dir='ltr'>(Xeu.</span> <span class='ocrx_word' id='word_1_23' title='bbox 725 810 823 875; x_wconf 82' lang='lat' dir='ltr'>Anab.</span> <span class='ocrx_word' id='word_1_24' title='bbox 840 809 879 873; x_wconf 83' lang='lat' dir='ltr'>V.</span> <span class='ocrx_word' id='word_1_25' title='bbox 906 814 934 873; x_wconf 79' lang='lat'>8.</span> <span class='ocrx_word' id='word_1_26' title='bbox 962 811 1002 892; x_wconf 80' lang='lat'>1).</span> <span class='ocrx_word' id='word_1_27' title='bbox 1023 823 1069 856; x_wconf 87' lang='lat'>-&#39;</span> <span class='ocrx_word' id='word_1_28' title='bbox 1091 807 1146 870; x_wconf 92' lang='lat' dir='ltr'>Pro</span> <span class='ocrx_word' id='word_1_29' title='bbox 1171 808 1236 884; x_wconf 77' lang='grc' dir='ltr'><em>ὁμο·</em></span> 
     </span>
     <span class='ocr_line' id='line_1_5' title="bbox 149 917 1237 1002; baseline -0.003 -20"><span class='ocrx_word' id='word_1_30' title='bbox 149 921 311 995; x_wconf 77' lang='grc' dir='ltr'><em>λονούντων</em></span> <span class='ocrx_word' id='word_1_31' title='bbox 341 920 472 985; x_wconf 73' lang='grc' dir='ltr'>ἱππεύειν</span> <span class='ocrx_word' id='word_1_32' title='bbox 502 920 619 985; x_wconf 81' lang='lat' dir='ltr'>Belius</span> <span class='ocrx_word' id='word_1_33' title='bbox 650 921 755 985; x_wconf 82' lang='lat' dir='ltr'><strong>scribit</strong></span> <span class='ocrx_word' id='word_1_34' title='bbox 783 922 941 998; x_wconf 76' lang='grc' dir='ltr'><em>ἱππεῦοον;</em></span> <span class='ocrx_word' id='word_1_35' title='bbox 972 919 1024 983; x_wconf 89' lang='lat' dir='ltr'>sed</span> <span class='ocrx_word' id='word_1_36' title='bbox 1048 917 1112 982; x_wconf 86' lang='lat' dir='ltr'>lieri</span> <span class='ocrx_word' id='word_1_37' title='bbox 1136 925 1237 1002; x_wconf 90' lang='lat' dir='ltr'>potest</span> 
     </span>
     <span class='ocr_line' id='line_1_6' title="bbox 151 1028 1233 1118; baseline 0 -27"><span class='ocrx_word' id='word_1_38' title='bbox 151 1037 188 1091; x_wconf 91' lang='lat' dir='ltr'>ut</span> <span class='ocrx_word' id='word_1_39' title='bbox 210 1030 375 1095; x_wconf 77' lang='lat' dir='ltr'>contendat</span> <span class='ocrx_word' id='word_1_40' title='bbox 397 1032 489 1118; x_wconf 88' lang='lat' dir='ltr'>vulgo</span> <span class='ocrx_word' id='word_1_41' title='bbox 514 1033 605 1096; x_wconf 89' lang='lat' dir='ltr'>etiam</span> <span class='ocrx_word' id='word_1_42' title='bbox 627 1039 693 1096; x_wconf 88' lang='lat' dir='ltr'>tum</span> <span class='ocrx_word' id='word_1_43' title='bbox 719 1033 915 1118; x_wconf 77' lang='lat' dir='ltr'>neglegenter</span> <span class='ocrx_word' id='word_1_44' title='bbox 935 1029 1100 1095; x_wconf 82' lang='lat' dir='ltr'><strong>admodum</strong></span> <span class='ocrx_word' id='word_1_45' title='bbox 1116 1028 1233 1112; x_wconf 79' lang='lat' dir='ltr'>equites</span> 
     </span>
     <span class='ocr_line' id='line_1_7' title="bbox 150 1139 1243 1230; baseline -0.003 -26"><span class='ocrx_word' id='word_1_46' title='bbox 150 1141 184 1204; x_wconf 94' lang='lat' dir='ltr'>in</span> <span class='ocrx_word' id='word_1_47' title='bbox 206 1141 328 1206; x_wconf 74' lang='grc' dir='ltr'><em>ουνιδυν</em></span> <span class='ocrx_word' id='word_1_48' title='bbox 351 1143 445 1206; x_wconf 84' lang='lat' dir='ltr'>luisse</span> <span class='ocrx_word' id='word_1_49' title='bbox 469 1144 598 1221; x_wconf 86' lang='lat' dir='ltr'>relatos,</span> <span class='ocrx_word' id='word_1_50' title='bbox 623 1143 798 1207; x_wconf 85' lang='lat' dir='ltr'><strong>istiusmodi</strong></span> <span class='ocrx_word' id='word_1_51' title='bbox 821 1142 935 1206; x_wconf 85' lang='lat' dir='ltr'>tabulis</span> <span class='ocrx_word' id='word_1_52' title='bbox 958 1141 1049 1204; x_wconf 87' lang='lat' dir='ltr'>fidem</span> <span class='ocrx_word' id='word_1_53' title='bbox 1073 1162 1162 1223; x_wconf 80' lang='lat' dir='ltr'>saepe</span> <span class='ocrx_word' id='word_1_54' title='bbox 1184 1139 1243 1230; x_wconf 60' lang='lat' dir='ltr'><strong>ha&#39;.</strong></span> 
     </span>
     <span class='ocr_line' id='line_1_8' title="bbox 151 1248 1237 1336; baseline -0.003 -22"><span class='ocrx_word' id='word_1_55' title='bbox 151 1251 215 1315; x_wconf 90' lang='lat' dir='ltr'>beri</span> <span class='ocrx_word' id='word_1_56' title='bbox 231 1273 293 1315; x_wconf 91' lang='lat' dir='ltr'>non</span> <span class='ocrx_word' id='word_1_57' title='bbox 309 1274 407 1336; x_wconf 91' lang='lat' dir='ltr'>posse.</span> <span class='ocrx_word' id='word_1_58' title='bbox 444 1254 551 1318; x_wconf 91' lang='lat' dir='ltr'>Malim</span> <span class='ocrx_word' id='word_1_59' title='bbox 568 1264 669 1318; x_wconf 90' lang='lat' dir='ltr'>tamen</span> <span class='ocrx_word' id='word_1_60' title='bbox 686 1255 919 1333; x_wconf 72' lang='grc' dir='ltr'><em>ὁμολογουμένως</em></span> <span class='ocrx_word' id='word_1_61' title='bbox 936 1251 1124 1316; x_wconf 77' lang='grc' dir='ltr'><em>ἱππευόντων.</em></span> <span class='ocrx_word' id='word_1_62' title='bbox 1156 1248 1237 1312; x_wconf 88' lang='lat' dir='ltr'>Nam</span> 
     </span>
     <span class='ocr_line' id='line_1_9' title="bbox 153 1361 1239 1445; baseline 0 -19"><span class='ocrx_word' id='word_1_63' title='bbox 153 1385 243 1427; x_wconf 92' lang='lat' dir='ltr'>nemo</span> <span class='ocrx_word' id='word_1_64' title='bbox 284 1375 351 1429; x_wconf 88' lang='lat' dir='ltr'>tum</span> <span class='ocrx_word' id='word_1_65' title='bbox 390 1365 478 1429; x_wconf 88' lang='lat' dir='ltr'>facile</span> <span class='ocrx_word' id='word_1_66' title='bbox 517 1366 720 1430; x_wconf 87' lang='lat' dir='ltr'>confitebatur</span> <span class='ocrx_word' id='word_1_67' title='bbox 758 1389 789 1428; x_wconf 90' lang='lat' dir='ltr'>se</span> <span class='ocrx_word' id='word_1_68' title='bbox 821 1364 877 1429; x_wconf 92' lang='lat' dir='ltr'>sub</span> <span class='ocrx_word' id='word_1_69' title='bbox 908 1383 972 1426; x_wconf 90' lang='lat' dir='ltr'>xxx</span> <span class='ocrx_word' id='word_1_70' title='bbox 1003 1362 1074 1425; x_wconf 86' lang='lat' dir='ltr'>viris</span> <span class='ocrx_word' id='word_1_71' title='bbox 1106 1361 1239 1445; x_wconf 90' lang='lat' dir='ltr'>equitem</span> 
     </span>
     <span class='ocr_line' id='line_1_10' title="bbox 151 1471 1111 1561; baseline -0.002 -24"><span class='ocrx_word' id='word_1_72' title='bbox 151 1474 255 1538; x_wconf 83' lang='lat' dir='ltr'>fuisse.</span> <span class='ocrx_word' id='word_1_73' title='bbox 302 1474 350 1538; x_wconf 92' lang='lat' dir='ltr'>De</span> <span class='ocrx_word' id='word_1_74' title='bbox 373 1476 465 1539; x_wconf 91' lang='lat' dir='ltr'><strong>simili</strong></span> <span class='ocrx_word' id='word_1_75' title='bbox 488 1476 660 1561; x_wconf 86' lang='lat' dir='ltr'>corruptela</span> <span class='ocrx_word' id='word_1_76' title='bbox 684 1476 721 1540; x_wconf 86' lang='lat' dir='ltr'>cl.</span> <span class='ocrx_word' id='word_1_77' title='bbox 746 1475 841 1540; x_wconf 89' lang='lat' dir='ltr'>Dobr.</span> <span class='ocrx_word' id='word_1_78' title='bbox 869 1474 963 1538; x_wconf 77' lang='lat' dir='ltr'><strong>Advv.</strong></span> <span class='ocrx_word' id='word_1_79' title='bbox 989 1471 1032 1535; x_wconf 90' lang='grc' dir='ltr'>ΙΙ.</span> <span class='ocrx_word' id='word_1_80' title='bbox 1060 1474 1111 1535; x_wconf 86' lang='grc'>69.</span> 
     </span>
    </p>

    <p class='ocr_par' dir='ltr' id='par_1_3' title="bbox 152 1579 1241 2119">
     <span class='ocr_line' id='line_1_11' title="bbox 197 1579 1236 1674; baseline -0.006 -23"><span class='ocrx_word' id='word_1_81' title='bbox 197 1588 214 1670; x_wconf 61' lang='lat' dir='ltr'>b</span> <span class='ocrx_word' id='word_1_82' title='bbox 238 1588 254 1651; x_wconf 79' lang='lat'><strong>7</strong></span> <span class='ocrx_word' id='word_1_83' title='bbox 280 1586 348 1670; x_wconf 89' lang='lat' dir='ltr'>lego</span> <span class='ocrx_word' id='word_1_84' title='bbox 372 1588 590 1666; x_wconf 77' lang='grc' dir='ltr'><em>κοοτυβοιλύντυ</em></span> <span class='ocrx_word' id='word_1_85' title='bbox 613 1612 668 1674; x_wconf 93' lang='lat' dir='ltr'>pro</span> <span class='ocrx_word' id='word_1_86' title='bbox 689 1587 908 1668; x_wconf 77' lang='grc' dir='ltr'><em>ποοροολοοβύντον</em></span> <span class='ocrx_word' id='word_1_87' title='bbox 931 1607 1000 1648; x_wconf 91' lang='lat' dir='ltr'>cum</span> <span class='ocrx_word' id='word_1_88' title='bbox 1022 1582 1130 1646; x_wconf 86' lang='lat' dir='ltr'>Balio.</span> <span class='ocrx_word' id='word_1_89' title='bbox 1163 1579 1236 1645; x_wconf 95' lang='lat' dir='ltr'>Nou</span> 
     </span>
     <span class='ocr_line' id='line_1_12' title="bbox 152 1696 1235 1783; baseline 0.01 -24"><span class='ocrx_word' id='word_1_90' title='bbox 152 1696 244 1760; x_wconf 88' lang='lat' dir='ltr'>nimis</span> <span class='ocrx_word' id='word_1_91' title='bbox 272 1699 431 1783; x_wconf 89' lang='lat' dir='ltr'>perspicue</span> <span class='ocrx_word' id='word_1_92' title='bbox 454 1701 654 1765; x_wconf 88' lang='lat' dir='ltr'>ratiocinatur</span> <span class='ocrx_word' id='word_1_93' title='bbox 677 1701 709 1764; x_wconf 91' lang='lat' dir='ltr'>in</span> <span class='ocrx_word' id='word_1_94' title='bbox 732 1704 763 1765; x_wconf 82' lang='grc' dir='ltr'>ἐκ</span> <span class='ocrx_word' id='word_1_95' title='bbox 787 1701 840 1776; x_wconf 78' lang='grc' dir='ltr'>μὲν</span> <span class='ocrx_word' id='word_1_96' title='bbox 860 1700 919 1777; x_wconf 64' lang='grc' dir='ltr'>γὰρ</span> <span class='ocrx_word' id='word_1_97' title='bbox 942 1735 987 1745; x_wconf 91' lang='grc'>-</span> <span class='ocrx_word' id='word_1_98' title='bbox 1010 1696 1235 1776; x_wconf 56' lang='lat' dir='ltr'>squarrosos,</span> 
     </span>
     <span class='ocr_line' id='line_1_13' title="bbox 152 1806 1236 1892; baseline -0.001 -22"><span class='ocrx_word' id='word_1_99' title='bbox 152 1813 190 1870; x_wconf 90' lang='lat' dir='ltr'>ut</span> <span class='ocrx_word' id='word_1_100' title='bbox 219 1816 300 1872; x_wconf 89' lang='lat' dir='ltr'>recte</span> <span class='ocrx_word' id='word_1_101' title='bbox 331 1810 452 1880; x_wconf 89' lang='lat' dir='ltr'>monuit</span> <span class='ocrx_word' id='word_1_102' title='bbox 483 1810 696 1889; x_wconf 86' lang='lat' dir='ltr'>Halbertsma‚</span> <span class='ocrx_word' id='word_1_103' title='bbox 730 1811 781 1874; x_wconf 90' lang='lat' dir='ltr'>sed</span> <span class='ocrx_word' id='word_1_104' title='bbox 814 1819 917 1873; x_wconf 87' lang='lat' dir='ltr'>tamen</span> <span class='ocrx_word' id='word_1_105' title='bbox 944 1830 1005 1871; x_wconf 92' lang='lat' dir='ltr'>non</span> <span class='ocrx_word' id='word_1_106' title='bbox 1030 1807 1136 1892; x_wconf 90' lang='lat' dir='ltr'>spuria</span> <span class='ocrx_word' id='word_1_107' title='bbox 1161 1806 1236 1869; x_wconf 88' lang='lat' dir='ltr'>haee</span> 
     </span>
     <span class='ocr_line' id='line_1_14' title="bbox 153 1917 1241 2009; baseline 0.002 -30"><span class='ocrx_word' id='word_1_108' title='bbox 153 1917 274 1997; x_wconf 89' lang='lat' dir='ltr'>iudico;</span> <span class='ocrx_word' id='word_1_109' title='bbox 300 1928 336 1984; x_wconf 92' lang='lat' dir='ltr'>ut</span> <span class='ocrx_word' id='word_1_110' title='bbox 358 1923 478 1987; x_wconf 89' lang='lat' dir='ltr'>tabulas</span> <span class='ocrx_word' id='word_1_111' title='bbox 502 1925 621 1989; x_wconf 88' lang='lat' dir='ltr'>nullius</span> <span class='ocrx_word' id='word_1_112' title='bbox 645 1925 735 2009; x_wconf 90' lang='lat' dir='ltr'>pretii</span> <span class='ocrx_word' id='word_1_113' title='bbox 759 1923 884 1987; x_wconf 91' lang='lat' dir='ltr'>omniuo</span> <span class='ocrx_word' id='word_1_114' title='bbox 900 1944 966 1985; x_wconf 89' lang='lat' dir='ltr'>esse</span> <span class='ocrx_word' id='word_1_115' title='bbox 982 1921 1151 2005; x_wconf 88' lang='lat' dir='ltr'>significet,</span> <span class='ocrx_word' id='word_1_116' title='bbox 1173 1941 1241 2003; x_wconf 90' lang='lat' dir='ltr'>pro-</span> 
     </span>
     <span class='ocr_line' id='line_1_15' title="bbox 153 2019 888 2119; baseline 0.008 -28"><span class='ocrx_word' id='word_1_117' title='bbox 153 2039 241 2093; x_wconf 88' lang='lat' dir='ltr'>vocat</span> <span class='ocrx_word' id='word_1_118' title='bbox 264 2031 304 2094; x_wconf 86' lang='lat' dir='ltr'>ad</span> <span class='ocrx_word' id='word_1_119' title='bbox 326 2033 421 2111; x_wconf 91' lang='lat' dir='ltr'>illud,</span> <span class='ocrx_word' id='word_1_120' title='bbox 446 2035 529 2119; x_wconf 90' lang='lat' dir='ltr'>quod</span> <span class='ocrx_word' id='word_1_121' title='bbox 553 2036 696 2100; x_wconf 90' lang='lat' dir='ltr'>omnibus</span> <span class='ocrx_word' id='word_1_122' title='bbox 720 2019 888 2099; x_wconf 80' lang='lat' dir='ltr'>constabat.</span> 
     </span>
    </p>

    <p class='ocr_par' dir='ltr' id='par_1_4' title="bbox 152 2141 1244 3233">
     <span class='ocr_line' id='line_1_16' title="bbox 199 2141 1241 2227; baseline -0.002 -21"><span class='ocrx_word' id='word_1_123' title='bbox 199 2143 216 2226; x_wconf 61' lang='lat' dir='ltr'>b</span> <span class='ocrx_word' id='word_1_124' title='bbox 240 2146 291 2206; x_wconf 82' lang='lat'>13.</span> <span class='ocrx_word' id='word_1_125' title='bbox 338 2146 434 2220; x_wconf 72' lang='grc' dir='ltr'><em>ἐπειδὴ</em></span> <span class='ocrx_word' id='word_1_126' title='bbox 465 2146 581 2218; x_wconf 76' lang='grc' dir='ltr'><em>ποὶντυς</em></span> <span class='ocrx_word' id='word_1_127' title='bbox 611 2148 697 2227; x_wconf 78' lang='grc' dir='ltr'><em>ἑώρων</em></span> <span class='ocrx_word' id='word_1_128' title='bbox 724 2153 781 2216; x_wconf 76' lang='grc' dir='ltr'><em>τοῖς</em></span> <span class='ocrx_word' id='word_1_129' title='bbox 805 2149 858 2222; x_wconf 85' lang='grc' dir='ltr'>μὲν</span> <span class='ocrx_word' id='word_1_130' title='bbox 881 2142 1048 2208; x_wconf 79' lang='grc' dir='ltr'><em>ἱππεύουσιν</em></span> <span class='ocrx_word' id='word_1_131' title='bbox 1070 2141 1241 2222; x_wconf 65' lang='lat' dir='ltr'>moenem</span> 
     </span>
     <span class='ocr_line' id='line_1_17' title="bbox 152 2247 1241 2337; baseline 0.001 -23"><span class='ocrx_word' id='word_1_132' title='bbox 152 2247 225 2316; x_wconf 81' lang='grc' dir='ltr'><em>εἷνου</em></span> <span class='ocrx_word' id='word_1_133' title='bbox 248 2254 319 2318; x_wconf 82' lang='grc' dir='ltr'><em>δεῖν</em></span> <span class='ocrx_word' id='word_1_134' title='bbox 342 2255 526 2337; x_wconf 76' lang='grc' dir='ltr'><em>νομίζοντος,</em></span> <span class='ocrx_word' id='word_1_135' title='bbox 550 2266 609 2330; x_wconf 80' lang='grc' dir='ltr'><em>τοῖς</em></span> <span class='ocrx_word' id='word_1_136' title='bbox 634 2258 658 2321; x_wconf 70' lang='grc' dir='ltr'>δ’</span> <span class='ocrx_word' id='word_1_137' title='bbox 681 2258 817 2328; x_wconf 73' lang='grc' dir='ltr'>ὁπλίταις</span> <span class='ocrx_word' id='word_1_138' title='bbox 837 2256 958 2321; x_wconf 78' lang='grc' dir='ltr'><em>κίνδυνον</em></span> <span class='ocrx_word' id='word_1_139' title='bbox 975 2253 1163 2331; x_wconf 67' lang='grc' dir='ltr'><em>ἡγουμένους,</em></span> <span class='ocrx_word' id='word_1_140' title='bbox 1180 2250 1241 2316; x_wconf 81' lang='grc' dir='ltr'><em>ἑπέ-</em></span> 
     </span>
     <span class='ocr_line' id='line_1_18' title="bbox 152 2362 1241 2446; baseline 0 -21"><span class='ocrx_word' id='word_1_141' title='bbox 152 2387 207 2442; x_wconf 81' lang='grc' dir='ltr'>ρων</span> <span class='ocrx_word' id='word_1_142' title='bbox 229 2365 414 2444; x_wconf 15' lang='grc' dir='ltr'><em>Δύνοοβύντων</em></span> <span class='ocrx_word' id='word_1_143' title='bbox 442 2369 490 2432; x_wconf 75' lang='grc' dir='ltr'>ἐπὶ</span> <span class='ocrx_word' id='word_1_144' title='bbox 521 2368 586 2441; x_wconf 80' lang='grc' dir='ltr'><em>τοὺς</em></span> <span class='ocrx_word' id='word_1_145' title='bbox 611 2365 715 2440; x_wconf 78' lang='grc' dir='ltr'><em>ἵππους</em></span> <span class='ocrx_word' id='word_1_146' title='bbox 737 2367 938 2446; x_wconf 77' lang='grc' dir='ltr'><em>ούδοκνμοὶοτοον</em></span> <span class='ocrx_word' id='word_1_147' title='bbox 962 2363 1044 2445; x_wconf 73' lang='grc' dir='ltr'><em>ποοροδ</em></span> <span class='ocrx_word' id='word_1_148' title='bbox 1067 2363 1115 2427; x_wconf 83' lang='grc' dir='ltr'>τὸν</span> <span class='ocrx_word' id='word_1_149' title='bbox 1140 2362 1241 2444; x_wconf 79' lang='grc' dir='ltr'><em>νόμον,</em></span> 
     </span>
     <span class='ocr_line' id='line_1_19' title="bbox 154 2476 1243 2561; baseline -0.002 -22"><span class='ocrx_word' id='word_1_150' title='bbox 154 2476 214 2553; x_wconf 70' lang='grc' dir='ltr'>ἐγὼ</span> <span class='ocrx_word' id='word_1_151' title='bbox 237 2480 391 2557; x_wconf 55' lang='lat' dir='ltr'>vaporentur</span> <span class='ocrx_word' id='word_1_152' title='bbox 415 2479 488 2556; x_wconf 67' lang='grc' dir='ltr'>ἔφυν</span> <span class='ocrx_word' id='word_1_153' title='bbox 511 2484 551 2561; x_wconf 79' lang='grc' dir='ltr'>τῷ</span> <span class='ocrx_word' id='word_1_154' title='bbox 576 2479 757 2561; x_wconf 75' lang='grc' dir='ltr'><em>Ὀρθοβούλῳ</em></span> <span class='ocrx_word' id='word_1_155' title='bbox 780 2478 942 2557; x_wconf 76' lang='grc' dir='ltr'><em>ἐξολεῖψνύ</em></span> <span class='ocrx_word' id='word_1_156' title='bbox 963 2501 1002 2554; x_wconf 85' lang='grc' dir='ltr'>με</span> <span class='ocrx_word' id='word_1_157' title='bbox 1024 2478 1057 2540; x_wconf 85' lang='grc' dir='ltr'>ἐκ</span> <span class='ocrx_word' id='word_1_158' title='bbox 1079 2481 1129 2538; x_wconf 82' lang='grc' dir='ltr'>τοῦ</span> <span class='ocrx_word' id='word_1_159' title='bbox 1149 2498 1243 2538; x_wconf 77' lang='grc' dir='ltr'><em>κυτμ-</em></span> 
     </span>
     <span class='ocr_line' id='line_1_20' title="bbox 153 2588 1241 2678; baseline -0.001 -27"><span class='ocrx_word' id='word_1_160' title='bbox 153 2588 254 2666; x_wconf 77' lang='grc' dir='ltr'><em>λύνου.</em></span> <span class='ocrx_word' id='word_1_161' title='bbox 302 2590 465 2676; x_wconf 77' lang='lat' dir='ltr'>Ingeniosa</span> <span class='ocrx_word' id='word_1_162' title='bbox 495 2615 549 2678; x_wconf 89' lang='lat' dir='ltr'>pro</span> <span class='ocrx_word' id='word_1_163' title='bbox 581 2594 637 2658; x_wconf 83' lang='grc' dir='ltr'><em>δεῖν</em></span> <span class='ocrx_word' id='word_1_164' title='bbox 668 2592 830 2657; x_wconf 85' lang='lat' dir='ltr'>Scheibius</span> <span class='ocrx_word' id='word_1_165' title='bbox 860 2589 944 2655; x_wconf 82' lang='grc' dir='ltr'><em>δεννύν</em></span> <span class='ocrx_word' id='word_1_166' title='bbox 977 2588 1128 2673; x_wconf 74' lang='lat' dir='ltr'>(sequitur</span> <span class='ocrx_word' id='word_1_167' title='bbox 1159 2589 1241 2671; x_wconf 88' lang='grc' dir='ltr'><strong>ΝΟ).</strong></span> 
     </span>
     <span class='ocr_line' id='line_1_21' title="bbox 155 2697 1244 2791; baseline -0.001 -30"><span class='ocrx_word' id='word_1_168' title='bbox 155 2697 216 2762; x_wconf 88' lang='lat' dir='ltr'>Sed</span> <span class='ocrx_word' id='word_1_169' title='bbox 239 2722 302 2763; x_wconf 91' lang='lat' dir='ltr'>nou</span> <span class='ocrx_word' id='word_1_170' title='bbox 325 2710 406 2781; x_wconf 89' lang='lat' dir='ltr'>erat,</span> <span class='ocrx_word' id='word_1_171' title='bbox 432 2725 487 2767; x_wconf 91' lang='lat' dir='ltr'>cur</span> <span class='ocrx_word' id='word_1_172' title='bbox 511 2712 769 2791; x_wconf 84' lang='lat' dir='ltr'>conquererentur</span> <span class='ocrx_word' id='word_1_173' title='bbox 792 2726 862 2767; x_wconf 93' lang='lat' dir='ltr'>cum</span> <span class='ocrx_word' id='word_1_174' title='bbox 885 2701 1003 2766; x_wconf 90' lang='lat' dir='ltr'>civibus</span> <span class='ocrx_word' id='word_1_175' title='bbox 1030 2698 1068 2762; x_wconf 90' lang='lat' dir='ltr'>de</span> <span class='ocrx_word' id='word_1_176' title='bbox 1091 2721 1140 2775; x_wconf 88' lang='lat' dir='ltr'>re,</span> <span class='ocrx_word' id='word_1_177' title='bbox 1165 2720 1244 2781; x_wconf 90' lang='lat' dir='ltr'>quae</span> 
     </span>
     <span class='ocr_line' id='line_1_22' title="bbox 155 2808 1244 2900; baseline -0.002 -27"><span class='ocrx_word' id='word_1_178' title='bbox 155 2833 219 2874; x_wconf 89' lang='lat' dir='ltr'>non</span> <span class='ocrx_word' id='word_1_179' title='bbox 243 2834 348 2876; x_wconf 90' lang='lat' dir='ltr'>eorum</span> <span class='ocrx_word' id='word_1_180' title='bbox 364 2814 472 2900; x_wconf 88' lang='lat' dir='ltr'>culpae</span> <span class='ocrx_word' id='word_1_181' title='bbox 489 2816 542 2880; x_wconf 90' lang='lat' dir='ltr'>sed</span> <span class='ocrx_word' id='word_1_182' title='bbox 558 2816 670 2880; x_wconf 90' lang='lat' dir='ltr'>rationi</span> <span class='ocrx_word' id='word_1_183' title='bbox 686 2814 759 2880; x_wconf 92' lang='lat' dir='ltr'>belli</span> <span class='ocrx_word' id='word_1_184' title='bbox 776 2812 960 2889; x_wconf 86' lang='lat' dir='ltr'>debebatur,</span> <span class='ocrx_word' id='word_1_185' title='bbox 978 2811 1009 2873; x_wconf 90' lang='lat' dir='ltr'>in</span> <span class='ocrx_word' id='word_1_186' title='bbox 1026 2831 1088 2894; x_wconf 92' lang='lat' dir='ltr'>quo</span> <span class='ocrx_word' id='word_1_187' title='bbox 1105 2808 1244 2872; x_wconf 82' lang='lat' dir='ltr'>Thebani</span> 
     </span>
     <span class='ocr_line' id='line_1_23' title="bbox 155 2920 1244 3011; baseline -0.004 -25"><span class='ocrx_word' id='word_1_188' title='bbox 155 2922 232 2986; x_wconf 89' lang='lat' dir='ltr'>socii</span> <span class='ocrx_word' id='word_1_189' title='bbox 259 2925 514 3004; x_wconf 88' lang='lat' dir='ltr'>Atheniensium,</span> <span class='ocrx_word' id='word_1_190' title='bbox 543 2928 683 3011; x_wconf 91' lang='lat' dir='ltr'>equitatu</span> <span class='ocrx_word' id='word_1_191' title='bbox 705 2925 815 3003; x_wconf 87' lang='lat' dir='ltr'>validi,</span> <span class='ocrx_word' id='word_1_192' title='bbox 841 2946 875 2987; x_wconf 86' lang='lat' dir='ltr'>ea</span> <span class='ocrx_word' id='word_1_193' title='bbox 898 2929 984 3008; x_wconf 88' lang='lat' dir='ltr'>parte</span> <span class='ocrx_word' id='word_1_194' title='bbox 1007 2920 1171 3006; x_wconf 83' lang='lat' dir='ltr'>Spartanos</span> <span class='ocrx_word' id='word_1_195' title='bbox 1195 2943 1244 2983; x_wconf 93' lang='lat' dir='ltr'>su-</span> 
     </span>
     <span class='ocr_line' id='line_1_24' title="bbox 155 3032 1244 3120; baseline -0.005 -22"><span class='ocrx_word' id='word_1_196' title='bbox 155 3033 305 3120; x_wconf 89' lang='lat' dir='ltr'>perabant</span> <span class='ocrx_word' id='word_1_197' title='bbox 331 3044 409 3101; x_wconf 88' lang='lat' dir='ltr'>teste</span> <span class='ocrx_word' id='word_1_198' title='bbox 433 3037 511 3100; x_wconf 87' lang='lat' dir='ltr'>Xeu.</span> <span class='ocrx_word' id='word_1_199' title='bbox 537 3036 619 3100; x_wconf 90' lang='lat' dir='ltr'>Hell.</span> <span class='ocrx_word' id='word_1_200' title='bbox 645 3036 706 3100; x_wconf 92' lang='grc' dir='ltr'><strong>ΙΙΙ.</strong></span> <span class='ocrx_word' id='word_1_201' title='bbox 733 3040 762 3099; x_wconf 89' lang='grc'>5.</span> <span class='ocrx_word' id='word_1_202' title='bbox 788 3037 840 3098; x_wconf 78' lang='lat'>23.</span> <span class='ocrx_word' id='word_1_203' title='bbox 887 3033 998 3118; x_wconf 88' lang='lat' dir='ltr'>Itaque</span> <span class='ocrx_word' id='word_1_204' title='bbox 1022 3033 1078 3096; x_wconf 81' lang='grc' dir='ltr'><em>δεῖν</em></span> <span class='ocrx_word' id='word_1_205' title='bbox 1102 3032 1244 3095; x_wconf 89' lang='lat' dir='ltr'>omitten-</span> 
     </span>
     <span class='ocr_line' id='line_1_25' title="bbox 160 3143 1243 3233; baseline -0.004 -25"><span class='ocrx_word' id='word_1_206' title='bbox 160 3145 252 3224; x_wconf 87' lang='lat' dir='ltr'><strong>dum,</strong></span> <span class='ocrx_word' id='word_1_207' title='bbox 269 3155 376 3211; x_wconf 91' lang='lat' dir='ltr'>natum</span> <span class='ocrx_word' id='word_1_208' title='bbox 393 3171 429 3212; x_wconf 90' lang='lat' dir='ltr'>ex</span> <span class='ocrx_word' id='word_1_209' title='bbox 445 3149 591 3233; x_wconf 88' lang='lat' dir='ltr'>proximis</span> <span class='ocrx_word' id='word_1_210' title='bbox 604 3148 714 3212; x_wconf 89' lang='lat' dir='ltr'>litteris</span> <span class='ocrx_word' id='word_1_211' title='bbox 729 3147 808 3212; x_wconf 89' lang='lat' dir='ltr'>male</span> <span class='ocrx_word' id='word_1_212' title='bbox 824 3146 962 3231; x_wconf 90' lang='lat' dir='ltr'>repetitis</span> <span class='ocrx_word' id='word_1_213' title='bbox 979 3150 1090 3228; x_wconf 82' lang='lat' dir='ltr'><strong>(AEIN</strong></span> <span class='ocrx_word' id='word_1_214' title='bbox 1102 3165 1138 3206; x_wconf 89' lang='lat' dir='ltr'>ex</span> <span class='ocrx_word' id='word_1_215' title='bbox 1150 3143 1243 3224; x_wconf 80' lang='lat' dir='ltr'><strong>AJN).</strong></span> 
     </span>
    </p>

    <p class='ocr_par' dir='ltr' id='par_1_5' title="bbox 157 3251 1269 4240">
     <span class='ocr_line' id='line_1_26' title="bbox 204 3251 1244 3339; baseline 0.004 -20"><span class='ocrx_word' id='word_1_216' title='bbox 204 3255 344 3322; x_wconf 84' lang='lat' dir='ltr'>Sectione</span> <span class='ocrx_word' id='word_1_217' title='bbox 376 3261 415 3322; x_wconf 78' lang='lat'>21</span> <span class='ocrx_word' id='word_1_218' title='bbox 448 3256 516 3336; x_wconf 71' lang='grc' dir='ltr'><em>οἶμον</em></span> <span class='ocrx_word' id='word_1_219' title='bbox 545 3259 569 3323; x_wconf 86' lang='grc' dir='ltr'>δ’</span> <span class='ocrx_word' id='word_1_220' title='bbox 598 3261 676 3335; x_wconf 73' lang='grc' dir='ltr'>ύμοῖς</span> <span class='ocrx_word' id='word_1_221' title='bbox 700 3260 764 3339; x_wconf 79' lang='grc' dir='ltr'><em>ὁρῶν</em></span> <span class='ocrx_word' id='word_1_222' title='bbox 788 3297 832 3307; x_wconf 96' lang='grc'>-</span> <span class='ocrx_word' id='word_1_223' title='bbox 853 3257 1002 3326; x_wconf 77' lang='grc' dir='ltr'><em>τούτους</em></span> <span class='ocrx_word' id='word_1_224' title='bbox 1025 3253 1124 3333; x_wconf 81' lang='grc' dir='ltr'><em>μύνους</em></span> <span class='ocrx_word' id='word_1_225' title='bbox 1146 3251 1244 3326; x_wconf 65' lang='grc' dir='ltr'><em>ἀξίους</em></span> 
     </span>
     <span class='ocr_line' id='line_1_27' title="bbox 158 3363 1243 3449; baseline -0.005 -17"><span class='ocrx_word' id='word_1_226' title='bbox 158 3368 325 3449; x_wconf 77' lang='grc' dir='ltr'><em>νομίζοντος</em></span> <span class='ocrx_word' id='word_1_227' title='bbox 342 3368 413 3436; x_wconf 79' lang='grc' dir='ltr'><em>οἴνου</em></span> <span class='ocrx_word' id='word_1_228' title='bbox 431 3372 557 3436; x_wconf 85' lang='lat' dir='ltr'>fortasse</span> <span class='ocrx_word' id='word_1_229' title='bbox 574 3371 768 3437; x_wconf 89' lang='lat' dir='ltr'>scribendum</span> <span class='ocrx_word' id='word_1_230' title='bbox 785 3373 850 3442; x_wconf 78' lang='grc' dir='ltr'><em>τοὺς</em></span> <span class='ocrx_word' id='word_1_231' title='bbox 866 3371 1015 3441; x_wconf 72' lang='grc' dir='ltr'><em>τοιούτους.</em></span> <span class='ocrx_word' id='word_1_232' title='bbox 1051 3369 1133 3430; x_wconf 87' lang='lat' dir='ltr'>Ante</span> <span class='ocrx_word' id='word_1_233' title='bbox 1148 3363 1243 3439; x_wconf 76' lang='grc' dir='ltr'><em>οέξίους</em></span> 
     </span>
     <span class='ocr_line' id='line_1_28' title="bbox 158 3476 1243 3567; baseline -0.005 -24"><span class='ocrx_word' id='word_1_234' title='bbox 158 3478 324 3544; x_wconf 86' lang='lat' dir='ltr'>desiderari</span> <span class='ocrx_word' id='word_1_235' title='bbox 354 3490 464 3548; x_wconf 83' lang='grc' dir='ltr'><em>πολλοῦ</em></span> <span class='ocrx_word' id='word_1_236' title='bbox 488 3483 608 3567; x_wconf 79' lang='lat' dir='ltr'>(Cobet)</span> <span class='ocrx_word' id='word_1_237' title='bbox 632 3491 685 3546; x_wconf 92' lang='lat' dir='ltr'>aut</span> <span class='ocrx_word' id='word_1_238' title='bbox 709 3483 798 3560; x_wconf 77' lang='grc' dir='ltr'><em>λόγου</em></span> <span class='ocrx_word' id='word_1_239' title='bbox 821 3480 976 3567; x_wconf 87' lang='lat' dir='ltr'>probabile</span> <span class='ocrx_word' id='word_1_240' title='bbox 1005 3487 1059 3542; x_wconf 90' lang='lat' dir='ltr'>est.</span> <span class='ocrx_word' id='word_1_241' title='bbox 1102 3476 1243 3559; x_wconf 90' lang='lat' dir='ltr'>Denique</span> 
     </span>
     <span class='ocr_line' id='line_1_29' title="bbox 157 3588 1269 3676; baseline -0.004 -23"><span class='ocrx_word' id='word_1_242' title='bbox 157 3590 192 3654; x_wconf 92' lang='lat' dir='ltr'>in</span> <span class='ocrx_word' id='word_1_243' title='bbox 215 3593 274 3654; x_wconf 88' lang='lat' dir='ltr'>fine</span> <span class='ocrx_word' id='word_1_244' title='bbox 297 3592 413 3676; x_wconf 88' lang='lat' dir='ltr'>aliquid</span> <span class='ocrx_word' id='word_1_245' title='bbox 437 3594 538 3671; x_wconf 81' lang='lat' dir='ltr'>deest3</span> <span class='ocrx_word' id='word_1_246' title='bbox 562 3616 634 3673; x_wconf 84' lang='lat' dir='ltr'>nam</span> <span class='ocrx_word' id='word_1_247' title='bbox 657 3594 715 3658; x_wconf 91' lang='lat' dir='ltr'>etsi</span> <span class='ocrx_word' id='word_1_248' title='bbox 738 3594 813 3657; x_wconf 91' lang='lat' dir='ltr'>haec</span> <span class='ocrx_word' id='word_1_249' title='bbox 836 3592 933 3656; x_wconf 91' lang='lat' dir='ltr'>oratio</span> <span class='ocrx_word' id='word_1_250' title='bbox 954 3590 1074 3674; x_wconf 80' lang='lat' dir='ltr'>insigne</span> <span class='ocrx_word' id='word_1_251' title='bbox 1090 3588 1243 3672; x_wconf 87' lang='lat' dir='ltr'>specimen</span> <span class='ocrx_word' id='word_1_252' title='bbox 1266 3644 1269 3649; x_wconf 88' lang='lat'>.</span> 
     </span>
     <span class='ocr_line' id='line_1_30' title="bbox 158 3698 1241 3793; baseline -0.006 -27"><span class='ocrx_word' id='word_1_253' title='bbox 158 3711 206 3766; x_wconf 87' lang='lat' dir='ltr'>est</span> <span class='ocrx_word' id='word_1_254' title='bbox 229 3706 389 3770; x_wconf 87' lang='lat' dir='ltr'>tenuitatis</span> <span class='ocrx_word' id='word_1_255' title='bbox 412 3707 574 3793; x_wconf 83' lang='lat' dir='ltr'>Lysiacae,</span> <span class='ocrx_word' id='word_1_256' title='bbox 606 3717 708 3771; x_wconf 85' lang='lat' dir='ltr'>tomen</span> <span class='ocrx_word' id='word_1_257' title='bbox 731 3707 793 3770; x_wconf 88' lang='lat' dir='ltr'>illis</span> <span class='ocrx_word' id='word_1_258' title='bbox 816 3704 914 3769; x_wconf 88' lang='lat' dir='ltr'>verbis</span> <span class='ocrx_word' id='word_1_259' title='bbox 937 3705 967 3769; x_wconf 85' lang='grc' dir='ltr'>οὐ</span> <span class='ocrx_word' id='word_1_260' title='bbox 990 3702 1049 3781; x_wconf 55' lang='lat' dir='ltr'>yae</span> <span class='ocrx_word' id='word_1_261' title='bbox 1073 3699 1158 3779; x_wconf 79' lang='grc' dir='ltr'><em>ἕτερον</em></span> <span class='ocrx_word' id='word_1_262' title='bbox 1179 3698 1241 3778; x_wconf 73' lang='grc' dir='ltr'>περὶ</span> 
     </span>
     <span class='ocr_line' id='line_1_31' title="bbox 158 3814 1243 3900; baseline -0.007 -21"><span class='ocrx_word' id='word_1_263' title='bbox 158 3818 254 3882; x_wconf 69' lang='lat' dir='ltr'>abacia</span> <span class='ocrx_word' id='word_1_264' title='bbox 284 3820 380 3898; x_wconf 71' lang='lat' dir='ltr'>sperat</span> <span class='ocrx_word' id='word_1_265' title='bbox 409 3821 496 3892; x_wconf 74' lang='grc' dir='ltr'><em>εἰσιν,</em></span> <span class='ocrx_word' id='word_1_266' title='bbox 528 3819 599 3884; x_wconf 67' lang='grc' dir='ltr'><em>ἀλλ’</em></span> <span class='ocrx_word' id='word_1_267' title='bbox 624 3821 706 3897; x_wconf 78' lang='grc' dir='ltr'><em>ὑμεῖς</em></span> <span class='ocrx_word' id='word_1_268' title='bbox 729 3817 821 3882; x_wconf 91' lang='lat' dir='ltr'>nimis</span> <span class='ocrx_word' id='word_1_269' title='bbox 845 3816 972 3900; x_wconf 88' lang='lat' dir='ltr'>abrupte</span> <span class='ocrx_word' id='word_1_270' title='bbox 995 3814 1117 3887; x_wconf 82' lang='lat' dir='ltr'>finitur3</span> <span class='ocrx_word' id='word_1_271' title='bbox 1141 3817 1243 3874; x_wconf 90' lang='lat' dir='ltr'>orator</span> 
     </span>
     <span class='ocr_line' id='line_1_32' title="bbox 158 3922 1241 4014; baseline -0.009 -21"><span class='ocrx_word' id='word_1_272' title='bbox 158 3949 220 3994; x_wconf 91' lang='lat' dir='ltr'>non</span> <span class='ocrx_word' id='word_1_273' title='bbox 251 3931 349 4008; x_wconf 92' lang='lat' dir='ltr'>redit,</span> <span class='ocrx_word' id='word_1_274' title='bbox 383 3941 418 3996; x_wconf 92' lang='lat' dir='ltr'>ut</span> <span class='ocrx_word' id='word_1_275' title='bbox 449 3932 522 3996; x_wconf 90' lang='lat' dir='ltr'>alibi</span> <span class='ocrx_word' id='word_1_276' title='bbox 554 3931 649 4009; x_wconf 87' lang='lat' dir='ltr'>solet,</span> <span class='ocrx_word' id='word_1_277' title='bbox 683 3931 721 3994; x_wconf 88' lang='lat' dir='ltr'>ad</span> <span class='ocrx_word' id='word_1_278' title='bbox 752 3936 845 4014; x_wconf 89' lang='lat' dir='ltr'>caput</span> <span class='ocrx_word' id='word_1_279' title='bbox 868 3949 976 3992; x_wconf 88' lang='lat' dir='ltr'>causae</span> <span class='ocrx_word' id='word_1_280' title='bbox 1000 3924 1049 3988; x_wconf 88' lang='lat' dir='ltr'>sed</span> <span class='ocrx_word' id='word_1_281' title='bbox 1076 3923 1189 3987; x_wconf 87' lang='lat' dir='ltr'>desinit</span> <span class='ocrx_word' id='word_1_282' title='bbox 1211 3922 1241 3984; x_wconf 93' lang='lat' dir='ltr'>in</span> 
     </span>
     <span class='ocr_line' id='line_1_33' title="bbox 158 4033 1242 4119; baseline -0.007 -15"><span class='ocrx_word' id='word_1_283' title='bbox 158 4040 342 4106; x_wconf 87' lang='lat' dir='ltr'>refutatione</span> <span class='ocrx_word' id='word_1_284' title='bbox 365 4043 499 4107; x_wconf 89' lang='lat' dir='ltr'>criminis</span> <span class='ocrx_word' id='word_1_285' title='bbox 523 4042 682 4108; x_wconf 86' lang='lat' dir='ltr'>cuiusdam</span> <span class='ocrx_word' id='word_1_286' title='bbox 701 4039 883 4105; x_wconf 87' lang='lat' dir='ltr'>secundarii.</span> <span class='ocrx_word' id='word_1_287' title='bbox 919 4036 965 4100; x_wconf 81' lang='lat' dir='ltr'>Cf.</span> <span class='ocrx_word' id='word_1_288' title='bbox 985 4045 1086 4099; x_wconf 89' lang='lat' dir='ltr'>tamen</span> <span class='ocrx_word' id='word_1_289' title='bbox 1102 4033 1242 4119; x_wconf 89' lang='lat' dir='ltr'>epilogus</span> 
     </span>
     <span class='ocr_line' id='line_1_34' title="bbox 158 4155 315 4240; baseline 0 -22"><span class='ocrx_word' id='word_1_290' title='bbox 158 4155 315 4240; x_wconf 84' lang='lat' dir='ltr'>septimae.</span> 
     </span>
    </p>

    <p class='ocr_par' dir='ltr' id='par_1_6' title="bbox 158 4258 1286 4468">
     <span class='ocr_line' id='line_1_35' title="bbox 204 4258 1241 4344; baseline -0.011 -13"><span class='ocrx_word' id='word_1_291' title='bbox 204 4267 291 4331; x_wconf 90' lang='lat' dir='ltr'>Bona</span> <span class='ocrx_word' id='word_1_292' title='bbox 314 4276 360 4331; x_wconf 87' lang='lat' dir='ltr'>est</span> <span class='ocrx_word' id='word_1_293' title='bbox 383 4291 453 4331; x_wconf 89' lang='lat' dir='ltr'>sane</span> <span class='ocrx_word' id='word_1_294' title='bbox 478 4267 573 4330; x_wconf 90' lang='lat' dir='ltr'>oratio</span> <span class='ocrx_word' id='word_1_295' title='bbox 582 4294 591 4344; x_wconf 88' lang='lat'>;</span> <span class='ocrx_word' id='word_1_296' title='bbox 609 4258 817 4331; x_wconf 58' lang='lat' dir='ltr'>sed&#39;Dobreus</span> <span class='ocrx_word' id='word_1_297' title='bbox 833 4263 942 4326; x_wconf 89' lang='lat' dir='ltr'>vellem</span> <span class='ocrx_word' id='word_1_298' title='bbox 958 4259 1140 4325; x_wconf 86' lang='lat' dir='ltr'>seutentiam</span> <span class='ocrx_word' id='word_1_299' title='bbox 1156 4283 1241 4323; x_wconf 88' lang='lat' dir='ltr'>suam</span> 
     </span>
     <span class='ocr_line' id='line_1_36' title="bbox 158 4355 1286 4468; baseline -0.009 -22"><span class='ocrx_word' id='word_1_300' title='bbox 158 4382 349 4461; x_wconf 80' lang='lat' dir='ltr'>enucleatius</span> <span class='ocrx_word' id='word_1_301' title='bbox 373 4382 563 4467; x_wconf 85' lang='lat' dir='ltr'>exposuisset</span> <span class='ocrx_word' id='word_1_302' title='bbox 588 4403 680 4468; x_wconf 87' lang='lat' dir='ltr'>quam</span> <span class='ocrx_word' id='word_1_303' title='bbox 704 4380 819 4443; x_wconf 87' lang='lat' dir='ltr'>factum</span> <span class='ocrx_word' id='word_1_304' title='bbox 843 4386 889 4441; x_wconf 87' lang='lat' dir='ltr'>est</span> <span class='ocrx_word' id='word_1_305' title='bbox 912 4375 1017 4462; x_wconf 90' lang='lat' dir='ltr'>paucis</span> <span class='ocrx_word' id='word_1_306' title='bbox 1041 4372 1140 4438; x_wconf 89' lang='lat' dir='ltr'>verbis</span> <span class='ocrx_word' id='word_1_307' title='bbox 1163 4395 1241 4458; x_wconf 89' lang='lat' dir='ltr'>quae</span> <span class='ocrx_word' id='word_1_308' title='bbox 1284 4355 1286 4361; x_wconf 28' lang='grc' dir='ltr'>Ι</span> 
     </span>
    </p>
   </div>
   <div class='ocr_carea' id='block_1_3' title="bbox 0 0 1440 5024">
    <p class='ocr_par' dir='ltr' id='par_1_7' title="bbox 0 0 1440 5024">
     <span class='ocr_line' id='line_1_37' title="bbox 0 0 1440 5024; baseline 0 0"><span class='ocrx_word' id='word_1_309' title='bbox 0 0 1440 5024; x_wconf 95' lang='lat' dir='ltr'> </span> 
     </span>
    </p>
   </div>
  </div>
 </body>
</html>
