2850 5024
725 361 789 421 228

210 555 291 619 niam
315 558 412 636 enim,
438 579 529 640 quam
554 557 697 641 Ergocles
722 558 894 622 oratoribus
919 560 1122 644 nequicquam
1140 561 1324 627 distribue·

208 678 272 744 rat,
299 680 329 730 ut
357 692 387 731 16
412 669 519 751 capitis
543 668 678 751 periculo
703 670 885 747 eximerent,
913 669 1098 734 Philocrates
1119 671 1248 736 abistis
1269 697 1321 737 re·

208 777 371 860 petiverat3
405 800 439 840 ea
471 800 516 840 res
548 778 730 840 testimoniis
754 778 875 862 probari
900 786 1036 862 poterat,
1061 781 1085 842 si
1109 781 1205 844 modo
1233 805 1315 845 vera

207 898 302 968 esset,
320 887 373 950 sed
397 910 435 950 ne
458 889 489 950 in
515 888 570 950 hac
594 888 717 970 quidem
741 909 773 951 re
798 889 948 952 satisfacit
972 890 1159 953 accusationi
1177 899 1292 955 orator
1304 919 1314 970 ;

206 1006 350 1080 provocat
373 998 454 1060 enim
478 997 516 1059 ad
540 998 650 1060 famam
674 997 756 1081 apud
779 999 859 1062 cives
883 1021 1035 1082 sparsam,
1062 1021 1152 1081 quam
1179 1002 1315 1065 menda·

206 1129 271 1171 cern
294 1107 482 1170 adversarius
506 1130 561 1170 suo
585 1109 650 1170 iure
674 1108 775 1171 dicere
799 1115 927 1192 poterat.

250 1215 357 1280 Oratio
380 1217 508 1301 Lysiaca
531 1226 577 1280 est
593 1219 658 1281 sine
674 1217 738 1280 ulla
754 1217 959 1281 controversia
967 1243 976 1294 ;
995 1226 1056 1280 tam
1072 1239 1187 1296 serina,
1207 1240 1310 1302 quam

204 1328 404 1411 redarguendi
429 1338 459 1392 et
484 1329 633 1413 probandi
655 1330 733 1392 ratio
756 1331 773 1413 b
792 1331 807 1390 1
826 1338 855 1391 61
874 1330 890 1392 7
910 1328 968 1391 sibi
985 1328 1162 1412 impressam
1180 1327 1309 1391 habent

202 1437 246 1500 ita
269 1438 395 1502 formam
419 1439 535 1522 ingenii
557 1438 693 1523 Lysiaci,
726 1447 761 1502 ut
785 1438 867 1523 apud
893 1460 994 1501 rerum
1018 1437 1183 1522 prudentes
1213 1439 1310 1501 nulla

203 1547 356 1611 dubitatio
380 1571 443 1612 6116
469 1549 571 1632 possit.
619 1548 779 1611 Transitus
803 1555 873 1631 post
895 1550 912 1631 b
935 1550 954 1610 4
980 1547 1080 1623 deest3
1105 1568 1141 1608 ex
1158 1548 1305 1630 superio·

202 1656 287 1720 ribus
318 1659 443 1720 minime
475 1659 673 1742 consequitur
703 1656 781 1719 illud
817 1656 899 1740 quod
924 1660 940 1739 d
965 1658 982 1717 5
1008 1665 1154 1739 tanquam
1178 1662 1305 1720 certum

202 1768 365 1850 proponit,
398 1767 459 1830 duo
488 1776 608 1830 tantum
639 1766 752 1850 quibus
776 1788 807 1829 se
831 1765 992 1841 defendat,
1018 1765 1185 1828 Philocrati
1211 1787 1300 1843 esse,

202 1885 255 1940 aut
284 1877 360 1939 alios
388 1877 568 1940 indicandos
600 1899 681 1952 esse,
713 1876 767 1958 qui
798 1874 937 1958 llrgoclis
961 1874 1041 1938 bona
1064 1873 1216 1948 habeant,
1240 1883 1303 1939 aut

200 1985 359 2069 Ergoclem
391 1987 504 2050 iniuria
535 1985 771 2050 condemnatum
798 2007 879 2061 esse,
904 2006 939 2047 ea
962 2005 1147 2067 quamquam
1170 2005 1226 2066 pro
1250 2007 1303 2048 ra-

199 2097 283 2159 tione
313 2097 403 2160 istius
436 2097 560 2173 iudicii,
584 2098 617 2159 in
641 2117 702 2178 quo
727 2095 787 2158 alia
810 2095 927 2158 ratione
950 2093 1111 2177 rapacibus
1136 2093 1300 2157 iudicibus

200 2208 339 2270 satisfieri
362 2228 424 2270 non
448 2214 585 2292 poterat,
612 2207 768 2269 verissima
791 2214 881 2287 sunt,
906 2213 1008 2268 tamen
1032 2226 1093 2267 non
1117 2204 1161 2267 ita
1183 2203 1300 2267 cohae-

197 2324 266 2380 rent
289 2340 358 2381 cum
383 2317 607 2402 superioribus,
632 2317 707 2400 quin
732 2316 848 2408 aliquid
872 2316 916 2379 ibi
940 2315 1041 2379 omitti
1065 2314 1211 2398 potuerit.
1254 2313 1298 2378 In

197 2427 323 2510 reliquis
347 2428 433 2492 nulla
455 2429 583 2512 vestigia
607 2449 756 2511 agnoso0,
781 2426 864 2490 unde
888 2427 1043 2510 epitomen
1065 2446 1129 2490 esse
1146 2424 1296 2488 concludi

195 2539 301 2620 possit.
348 2536 429 2600 Nam
453 2537 535 2621 quod
551 2538 583 2599 in
600 2559 692 2600 causa
706 2537 920 2620 gravissimum
938 2544 1001 2613 est,
1019 2536 1062 2598 ita
1078 2537 1094 2619 d
1111 2536 1129 2596 6
1148 2533 1295 2612 effertur,

196 2655 231 2710 ut
260 2648 356 2731 ipsam
380 2646 488 2731 Lysiae
512 2670 637 2710 manum
660 2669 722 2710 non
747 2647 956 2730 epitomatoris
981 2668 1153 2729 agnoscam.
1200 2643 1295 2723 Quae

194 2761 252 2843 §2
278 2766 308 2821 et
332 2761 349 2821 3
384 2758 529 2822 dicuntur
560 2758 662 2821 brevia
693 2764 766 2820 sunt
796 2757 849 2819 illa
872 2757 964 2819 nimis
988 2779 1043 2841 pro
1066 2778 1168 2819 rerum
1192 2757 1295 2838 gravi-

194 2875 275 2945 tate3
307 2876 506 2932 veruntamen
536 2867 644 2931 melior
676 2875 721 2930 611
752 2867 899 2930 orationis
929 2868 1026 2930 forma
1048 2888 1102 2950 per
1125 2867 1293 2930 continuas

194 2980 446 3063 interrogationes
478 2978 644 3062 producta,
677 2999 768 3061 quam
793 2985 828 3040 ut
852 2977 889 3040 ab
914 2977 1113 3060 epitomatore
1137 2975 1294 3059 proficisci

194 3091 300 3174 possit.
340 3089 447 3174 Lysias
471 3090 566 3172 igitur
586 3088 664 3151 hanc
680 3088 864 3171 levipensem
881 3087 1049 3150 orationem
1065 3067 1190 3149 omnino
1207 3107 1292 3148 com-

194 3201 330 3285 posuisse
353 3181 488 3277 videtur,
516 3198 569 3261 sed
592 3178 700 3282 parum
725 3196 821 3260 studii
843 3197 876 3259 in
893 3218 928 3258 ea
943 3195 1122 3273 collocasse,
1141 3195 1289 3278 quoniam

193 3333 372 3396 persuasum
403 3309 528 3373 haberet
559 3314 752 3383 accusatum,
786 3327 824 3368 ne
848 3306 874 3367 si
898 3303 1015 3389 Orphei
1039 3303 1164 3388 quidem
1188 3305 1291 3367 suavi-

191 3429 286 3485 tatem
301 3419 460 3484 adhiberet
476 3417 514 3480 ad
530 3417 756 3491 defensionem,
774 3413 913 3477 iudicum
927 3414 1071 3477 manibus
1088 3414 1165 3498 eripi
1180 3435 1284 3498 posse.

191 3529 330 3594 Breviter
358 3529 454 3613 igitur
480 3529 513 3591 in
535 3527 713 3590 memoriam
736 3520 906 3602 revocavit,
932 3545 1009 3607 quae
1032 3533 1170 3588 constare
1194 3531 1288 3608 puta-

190 3640 301 3704 bantur
324 3639 362 3702 de
385 3638 572 3715 Philocrate,
598 3659 633 3700 aa
655 3658 687 3700 16
711 3658 742 3698 16
765 3634 919 3698 iudicibus
944 3635 1117 3697 satisfacere
1139 3640 1236 3697 ratus.

234 3752 251 3834 p
274 3753 304 3812 2.
351 3749 400 3813 acl
431 3749 539 3812 τούτων
562 3752 617 3811 τῶν
640 3745 802 3826 χρημάτων
825 3745 901 3808 οὐδὲν
924 3746 953 3808 ἕν
976 3752 1013 3823 τῇ
1036 3746 1119 3808 πόλει
1142 3743 1286 3823 patuerat

190 3867 332 3945 suspecta
362 3867 435 3922 sunt
466 3858 557 3921 verba
586 3858 615 3920 ἐν
637 3865 674 3937 τῇ
698 3855 791 3918 πόλει.
837 3851 935 3915 Nulla
959 3853 1039 3915 enim
1063 3860 1108 3915 est
1131 3854 1286 3938 oppositio

189 3972 269 4036 iuter
292 3972 371 4034 cives
396 3977 426 4033 et
448 3971 562 4033 hostes.
586 3966 667 4030 Nam
684 3967 715 4029 in
734 3963 932 4049 sequentibus
945 3963 1040 4043 ἐχθροί
1047 4013 1056 4045 ,
1074 3963 1208 4047 oppositi
1223 3971 1284 4036 τοῖς

187 4082 340 4156 κηδεσταῖς
364 4082 413 4144 καὶ
437 4078 561 4154 οἰκείοις,
586 4085 659 4140 sunt
682 4074 812 4150 inimici,
839 4072 1002 4135 adversarii
1018 4071 1166 4156 Ergoclis.
1192 4073 1285 4136 Prae-

186 4200 269 4255 terea
299 4191 472 4275 suspicatur
500 4211 563 4252 esse
596 4210 627 4250 re
659 4208 729 4250 vera
755 4186 789 4248 in
811 4184 886 4247 urbe
911 4183 976 4246 eius
1002 4183 1100 4262 bona,
1126 4206 1223 4267 quum
1247 4206 1283 4246 ea

187 4303 289 4385 exigat
322 4324 339 4363 a
368 4299 509 4364 familiari
537 4298 726 4374 Philocrate,
751 4296 859 4379 quiin
883 4293 958 4357 urbe
982 4293 1076 4357 adest.
1124 4294 1280 4376 Frequens
