<?xml version="1.0" encoding="UTF-8"?>
<!DOCTYPE html PUBLIC "-//W3C//DTD XHTML 1.0 Transitional//EN"
    "http://www.w3.org/TR/xhtml1/DTD/xhtml1-transitional.dtd">
<html xmlns="http://www.w3.org/1999/xhtml" xml:lang="en" lang="en">
 <head>
  <title>
</title>
<meta http-equiv="Content-Type" content="text/html;charset=utf-8" />
  <meta name='ocr-system' content='tesseract 3.04.00' />
  <meta name='ocr-capabilities' content='ocr_page ocr_carea ocr_par ocr_line ocrx_word'/>
</head>
<body>
  <div class='ocr_page' id='page_1' title='image "./commentationesl00frangoog_0085.png"; bbox 0 0 2850 5024; ppageno 0'>
   <div class='ocr_carea' id='block_1_1' title="bbox 684 363 722 424">
    <p class='ocr_par' dir='ltr' id='par_1_1' title="bbox 684 363 722 424">
     <span class='ocr_line' id='line_1_1' title="bbox 684 363 722 424; baseline -0.053 0"><span class='ocrx_word' id='word_1_1' title='bbox 684 363 722 424; x_wconf 86' lang='lat'>72</span> 
     </span>
    </p>
   </div>
   <div class='ocr_carea' id='block_1_2' title="bbox 161 563 1247 753">
    <p class='ocr_par' dir='ltr' id='par_1_2' title="bbox 161 563 1247 753">
     <span class='ocr_line' id='line_1_2' title="bbox 161 563 1247 651; baseline -0.001 -23"><span class='ocrx_word' id='word_1_2' title='bbox 161 563 254 645; x_wconf 78' lang='lat' dir='ltr'>Quod</span> <span class='ocrx_word' id='word_1_3' title='bbox 285 571 448 648; x_wconf 80' lang='lat' dir='ltr'>antequam</span> <span class='ocrx_word' id='word_1_4' title='bbox 483 563 551 645; x_wconf 89' lang='lat' dir='ltr'>quis</span> <span class='ocrx_word' id='word_1_5' title='bbox 575 563 684 627; x_wconf 88' lang='lat' dir='ltr'>falsum</span> <span class='ocrx_word' id='word_1_6' title='bbox 709 586 772 627; x_wconf 87' lang='lat' dir='ltr'>esse</span> <span class='ocrx_word' id='word_1_7' title='bbox 796 565 999 645; x_wconf 78' lang='lat' dir='ltr'><strong>demonstret,</strong></span> <span class='ocrx_word' id='word_1_8' title='bbox 1023 565 1164 651; x_wconf 82' lang='lat' dir='ltr'>equidem</span> <span class='ocrx_word' id='word_1_9' title='bbox 1188 563 1247 648; x_wconf 77' lang='lat' dir='ltr'>Ly-</span> 
     </span>
     <span class='ocr_line' id='line_1_3' title="bbox 162 674 1245 753; baseline -0.001 -14"><span class='ocrx_word' id='word_1_10' title='bbox 162 677 239 753; x_wconf 85' lang='lat' dir='ltr'>siae,</span> <span class='ocrx_word' id='word_1_11' title='bbox 264 676 294 738; x_wconf 87' lang='lat' dir='ltr'>id</span> <span class='ocrx_word' id='word_1_12' title='bbox 319 685 364 738; x_wconf 87' lang='lat' dir='ltr'>est</span> <span class='ocrx_word' id='word_1_13' title='bbox 387 675 468 738; x_wconf 89' lang='lat' dir='ltr'>bono</span> <span class='ocrx_word' id='word_1_14' title='bbox 480 674 593 737; x_wconf 88' lang='lat' dir='ltr'>oratori</span> <span class='ocrx_word' id='word_1_15' title='bbox 605 674 683 739; x_wconf 89' lang='lat' dir='ltr'>hanc</span> <span class='ocrx_word' id='word_1_16' title='bbox 699 676 866 740; x_wconf 88' lang='lat' dir='ltr'>orationem</span> <span class='ocrx_word' id='word_1_17' title='bbox 882 677 1050 742; x_wconf 78' lang='lat' dir='ltr'>adscribere</span> <span class='ocrx_word' id='word_1_18' title='bbox 1062 700 1123 741; x_wconf 91' lang='lat' dir='ltr'>non</span> <span class='ocrx_word' id='word_1_19' title='bbox 1136 675 1245 739; x_wconf 85' lang='lat' dir='ltr'>audeo.</span> 
     </span>
    </p>
   </div>
   <div class='ocr_carea' id='block_1_3' title="bbox 504 929 908 978">
    <p class='ocr_par' dir='ltr' id='par_1_3' title="bbox 504 929 908 978">
     <span class='ocr_line' id='line_1_4' title="bbox 504 929 908 978; baseline 0.012 -7"><span class='ocrx_word' id='word_1_20' title='bbox 504 929 534 970; x_wconf 85' lang='grc' dir='ltr'>Χ.</span> <span class='ocrx_word' id='word_1_21' title='bbox 565 936 640 974; x_wconf 75' lang='lat' dir='ltr'>narn</span> <span class='ocrx_word' id='word_1_22' title='bbox 662 939 855 978; x_wconf 75' lang='lat' dir='ltr'>aaouuuzror</span> <span class='ocrx_word' id='word_1_23' title='bbox 874 931 908 976; x_wconf 75' lang='lat' dir='ltr'>a&#39;.</span> 
     </span>
    </p>
   </div>
   <div class='ocr_carea' id='block_1_4' title="bbox 161 1097 1254 1874">
    <p class='ocr_par' dir='ltr' id='par_1_4' title="bbox 161 1097 1254 1874">
     <span class='ocr_line' id='line_1_5' title="bbox 206 1097 1249 1207; baseline 0.003 -26"><span class='ocrx_word' id='word_1_24' title='bbox 206 1117 313 1181; x_wconf 80' lang='lat' dir='ltr'><strong>Oratio</strong></span> <span class='ocrx_word' id='word_1_25' title='bbox 336 1097 424 1202; x_wconf 67' lang='lat' dir='ltr'>prior⁴</span> <span class='ocrx_word' id='word_1_26' title='bbox 441 1118 473 1181; x_wconf 94' lang='lat' dir='ltr'>in</span> <span class='ocrx_word' id='word_1_27' title='bbox 495 1117 733 1183; x_wconf 83' lang='lat' dir='ltr'>Theomnastum</span> <span class='ocrx_word' id='word_1_28' title='bbox 755 1120 794 1183; x_wconf 91' lang='lat' dir='ltr'>ad</span> <span class='ocrx_word' id='word_1_29' title='bbox 809 1121 939 1206; x_wconf 87' lang='lat' dir='ltr'>optimas</span> <span class='ocrx_word' id='word_1_30' title='bbox 955 1121 1064 1207; x_wconf 80' lang='lat' dir='ltr'>Lysiae</span> <span class='ocrx_word' id='word_1_31' title='bbox 1080 1121 1249 1187; x_wconf 86' lang='lat' dir='ltr'>referenda.</span> 
     </span>
     <span class='ocr_line' id='line_1_6' title="bbox 161 1229 1251 1316; baseline 0.002 -22"><span class='ocrx_word' id='word_1_32' title='bbox 161 1231 382 1294; x_wconf 83' lang='lat' dir='ltr'>Theomnastus</span> <span class='ocrx_word' id='word_1_33' title='bbox 413 1229 496 1314; x_wconf 89' lang='lat' dir='ltr'>quod</span> <span class='ocrx_word' id='word_1_34' title='bbox 523 1237 644 1294; x_wconf 91' lang='lat' dir='ltr'>scutum</span> <span class='ocrx_word' id='word_1_35' title='bbox 667 1230 700 1294; x_wconf 90' lang='lat' dir='ltr'>in</span> <span class='ocrx_word' id='word_1_36' title='bbox 723 1232 838 1316; x_wconf 86' lang='lat' dir='ltr'>proelio</span> <span class='ocrx_word' id='word_1_37' title='bbox 863 1232 1022 1298; x_wconf 87' lang='lat' dir='ltr'>abiecisset</span> <span class='ocrx_word' id='word_1_38' title='bbox 1046 1242 1207 1298; x_wconf 85' lang='lat' dir='ltr'>accusatus</span> <span class='ocrx_word' id='word_1_39' title='bbox 1231 1257 1251 1296; x_wconf 88' lang='lat' dir='ltr'>a</span> 
     </span>
     <span class='ocr_line' id='line_1_7' title="bbox 161 1340 1250 1428; baseline 0.004 -24"><span class='ocrx_word' id='word_1_40' title='bbox 161 1341 307 1426; x_wconf 81' lang='lat' dir='ltr'>Lysitheo</span> <span class='ocrx_word' id='word_1_41' title='bbox 339 1363 375 1405; x_wconf 86' lang='lat' dir='ltr'>ex</span> <span class='ocrx_word' id='word_1_42' title='bbox 405 1340 458 1404; x_wconf 91' lang='lat' dir='ltr'>illo</span> <span class='ocrx_word' id='word_1_43' title='bbox 489 1341 603 1405; x_wconf 91' lang='lat' dir='ltr'>iudicio</span> <span class='ocrx_word' id='word_1_44' title='bbox 626 1343 744 1428; x_wconf 87' lang='lat' dir='ltr'>integer</span> <span class='ocrx_word' id='word_1_45' title='bbox 767 1351 911 1409; x_wconf 87' lang='lat' dir='ltr'>evaserat.</span> <span class='ocrx_word' id='word_1_46' title='bbox 959 1343 1030 1426; x_wconf 82' lang='lat' dir='ltr'>Quo</span> <span class='ocrx_word' id='word_1_47' title='bbox 1055 1353 1166 1411; x_wconf 85' lang='lat' dir='ltr'>eventu</span> <span class='ocrx_word' id='word_1_48' title='bbox 1190 1346 1250 1409; x_wconf 88' lang='lat' dir='ltr'>iste</span> 
     </span>
     <span class='ocr_line' id='line_1_8' title="bbox 163 1452 1252 1540; baseline 0.003 -25"><span class='ocrx_word' id='word_1_49' title='bbox 163 1453 261 1516; x_wconf 87' lang='lat' dir='ltr'>elatus</span> <span class='ocrx_word' id='word_1_50' title='bbox 291 1452 492 1538; x_wconf 87' lang='lat' dir='ltr'>Dionysium,</span> <span class='ocrx_word' id='word_1_51' title='bbox 525 1477 615 1538; x_wconf 91' lang='lat' dir='ltr'>quem</span> <span class='ocrx_word' id='word_1_52' title='bbox 645 1454 810 1540; x_wconf 87' lang='lat' dir='ltr'>Lysitheus</span> <span class='ocrx_word' id='word_1_53' title='bbox 840 1464 949 1523; x_wconf 89' lang='lat' dir='ltr'>testem</span> <span class='ocrx_word' id='word_1_54' title='bbox 980 1457 1177 1534; x_wconf 74' lang='lat' dir='ltr'>adhibuerat,</span> <span class='ocrx_word' id='word_1_55' title='bbox 1204 1477 1252 1519; x_wconf 92' lang='lat' dir='ltr'>ca-</span> 
     </span>
     <span class='ocr_line' id='line_1_9' title="bbox 163 1564 1251 1651; baseline 0.001 -23"><span class='ocrx_word' id='word_1_56' title='bbox 163 1564 296 1629; x_wconf 91' lang='lat' dir='ltr'>lumniae</span> <span class='ocrx_word' id='word_1_57' title='bbox 313 1571 505 1628; x_wconf 85' lang='lat' dir='ltr'>accusaverat</span> <span class='ocrx_word' id='word_1_58' title='bbox 521 1567 547 1649; x_wconf 69' lang='lat' dir='ltr'>(q</span> <span class='ocrx_word' id='word_1_59' title='bbox 566 1567 623 1643; x_wconf 89' lang='lat' dir='ltr'>l2,</span> <span class='ocrx_word' id='word_1_60' title='bbox 642 1569 701 1644; x_wconf 81' lang='lat'>24,</span> <span class='ocrx_word' id='word_1_61' title='bbox 719 1589 782 1650; x_wconf 85' lang='lat' dir='ltr'>sq,</span> <span class='ocrx_word' id='word_1_62' title='bbox 801 1570 864 1651; x_wconf 80' lang='lat'>30),</span> <span class='ocrx_word' id='word_1_63' title='bbox 883 1590 960 1651; x_wconf 90' lang='lat' dir='ltr'>quae</span> <span class='ocrx_word' id='word_1_64' title='bbox 975 1567 1091 1646; x_wconf 85' lang='lat' dir='ltr'>rosilli,</span> <span class='ocrx_word' id='word_1_65' title='bbox 1104 1568 1251 1632; x_wconf 89' lang='lat' dir='ltr'>damnato</span> 
     </span>
     <span class='ocr_line' id='line_1_10' title="bbox 163 1675 1253 1764; baseline 0.004 -26"><span class='ocrx_word' id='word_1_66' title='bbox 163 1675 311 1759; x_wconf 88' lang='lat' dir='ltr'>Dionysio</span> <span class='ocrx_word' id='word_1_67' title='bbox 328 1676 418 1739; x_wconf 89' lang='lat' dir='ltr'>nimis</span> <span class='ocrx_word' id='word_1_68' title='bbox 434 1686 563 1740; x_wconf 80' lang='lat' dir='ltr'>cesserat</span> <span class='ocrx_word' id='word_1_69' title='bbox 574 1677 702 1741; x_wconf 73' lang='lat' dir='ltr'>feliciter</span> <span class='ocrx_word' id='word_1_70' title='bbox 715 1680 741 1762; x_wconf 69' lang='lat' dir='ltr'>(q</span> <span class='ocrx_word' id='word_1_71' title='bbox 754 1681 813 1755; x_wconf 86' lang='lat'>21,</span> <span class='ocrx_word' id='word_1_72' title='bbox 828 1681 892 1763; x_wconf 81' lang='lat'>22).</span> <span class='ocrx_word' id='word_1_73' title='bbox 917 1679 1091 1764; x_wconf 78' lang='lat' dir='ltr'>ignominia</span> <span class='ocrx_word' id='word_1_74' title='bbox 1104 1678 1253 1744; x_wconf 91' lang='lat' dir='ltr'>commili-</span> 
     </span>
     <span class='ocr_line' id='line_1_11' title="bbox 164 1787 1254 1874; baseline 0.004 -24"><span class='ocrx_word' id='word_1_75' title='bbox 164 1787 244 1851; x_wconf 86' lang='lat' dir='ltr'>tonis</span> <span class='ocrx_word' id='word_1_76' title='bbox 261 1808 404 1851; x_wconf 86' lang='lat' dir='ltr'>accensus</span> <span class='ocrx_word' id='word_1_77' title='bbox 420 1809 504 1871; x_wconf 88' lang='lat' dir='ltr'>nuno</span> <span class='ocrx_word' id='word_1_78' title='bbox 520 1788 620 1872; x_wconf 84' lang='lat' dir='ltr'>surgit</span> <span class='ocrx_word' id='word_1_79' title='bbox 634 1788 668 1865; x_wconf 89' lang='lat' dir='ltr'>in</span> <span class='ocrx_word' id='word_1_80' title='bbox 682 1789 920 1854; x_wconf 81' lang='lat' dir='ltr'>Theomnestum</span> <span class='ocrx_word' id='word_1_81' title='bbox 937 1796 1094 1854; x_wconf 88' lang='lat' dir='ltr'>accusator</span> <span class='ocrx_word' id='word_1_82' title='bbox 1106 1790 1254 1874; x_wconf 91' lang='lat' dir='ltr'>quidam,</span> 
     </span>
    </p>
   </div>
   <div class='ocr_carea' id='block_1_5' title="bbox 71 1899 1256 1984">
    <p class='ocr_par' dir='ltr' id='par_1_5' title="bbox 71 1899 1256 1984">
     <span class='ocr_line' id='line_1_12' title="bbox 71 1899 1256 1984; baseline 0.003 -22"><span class='ocrx_word' id='word_1_83' title='bbox 71 1924 76 1932; x_wconf 79' lang='grc'>’</span> <span class='ocrx_word' id='word_1_84' title='bbox 165 1900 251 1963; x_wconf 90' lang='lat' dir='ltr'>cuius</span> <span class='ocrx_word' id='word_1_85' title='bbox 271 1921 382 1963; x_wconf 88' lang='lat' dir='ltr'>nomen</span> <span class='ocrx_word' id='word_1_86' title='bbox 403 1899 572 1977; x_wconf 77' lang='lat' dir='ltr'>nescimuS,</span> <span class='ocrx_word' id='word_1_87' title='bbox 591 1900 777 1984; x_wconf 85' lang='lat' dir='ltr'>eandemque</span> <span class='ocrx_word' id='word_1_88' title='bbox 789 1901 842 1964; x_wconf 89' lang='lat' dir='ltr'>isti</span> <span class='ocrx_word' id='word_1_89' title='bbox 853 1903 1002 1966; x_wconf 87' lang='lat' dir='ltr'>actionem</span> <span class='ocrx_word' id='word_1_90' title='bbox 1023 1903 1192 1966; x_wconf 88' lang='lat' dir='ltr'>calumniae</span> <span class='ocrx_word' id='word_1_91' title='bbox 1209 1903 1256 1966; x_wconf 92' lang='lat' dir='ltr'>in·</span> 
     </span>
    </p>
   </div>
   <div class='ocr_carea' id='block_1_6' title="bbox 164 2011 1258 4444">
    <p class='ocr_par' dir='ltr' id='par_1_6' title="bbox 164 2011 1258 4444">
     <span class='ocr_line' id='line_1_13' title="bbox 165 2011 1255 2100; baseline 0.002 -25"><span class='ocrx_word' id='word_1_92' title='bbox 165 2012 281 2090; x_wconf 89' lang='lat' dir='ltr'>tendit,</span> <span class='ocrx_word' id='word_1_93' title='bbox 301 2012 383 2097; x_wconf 93' lang='lat' dir='ltr'>quod</span> <span class='ocrx_word' id='word_1_94' title='bbox 397 2011 594 2096; x_wconf 88' lang='lat' dir='ltr'>parricidium</span> <span class='ocrx_word' id='word_1_95' title='bbox 610 2013 671 2099; x_wconf 83' lang='lat' dir='ltr'>ipsi</span> <span class='ocrx_word' id='word_1_96' title='bbox 687 2012 856 2079; x_wconf 87' lang='lat' dir='ltr'>obiecisset.</span> <span class='ocrx_word' id='word_1_97' title='bbox 880 2012 974 2095; x_wconf 81' lang='lat' dir='ltr'>Quod</span> <span class='ocrx_word' id='word_1_98' title='bbox 991 2015 1185 2100; x_wconf 88' lang='lat' dir='ltr'>opprobrium</span> <span class='ocrx_word' id='word_1_99' title='bbox 1199 2013 1255 2078; x_wconf 90' lang='lat' dir='ltr'>ille</span> 
     </span>
     <span class='ocr_line' id='line_1_14' title="bbox 165 2122 1257 2210; baseline 0.003 -23"><span class='ocrx_word' id='word_1_100' title='bbox 165 2125 222 2188; x_wconf 90' lang='lat' dir='ltr'>hac</span> <span class='ocrx_word' id='word_1_101' title='bbox 238 2123 270 2186; x_wconf 89' lang='lat' dir='ltr'>in</span> <span class='ocrx_word' id='word_1_102' title='bbox 286 2122 524 2187; x_wconf 78' lang='lat' dir='ltr'>Theomnastum</span> <span class='ocrx_word' id='word_1_103' title='bbox 538 2124 681 2187; x_wconf 90' lang='lat' dir='ltr'>instituta</span> <span class='ocrx_word' id='word_1_104' title='bbox 698 2126 888 2190; x_wconf 84' lang='lat' dir='ltr'>accusatione</span> <span class='ocrx_word' id='word_1_105' title='bbox 904 2126 1059 2191; x_wconf 85' lang='lat' dir='ltr'>evidenter</span> <span class='ocrx_word' id='word_1_106' title='bbox 1075 2132 1105 2190; x_wconf 87' lang='lat' dir='ltr'>et</span> <span class='ocrx_word' id='word_1_107' title='bbox 1120 2126 1257 2210; x_wconf 81' lang='lat' dir='ltr'>graviter</span> 
     </span>
     <span class='ocr_line' id='line_1_15' title="bbox 164 2233 1255 2322; baseline 0.003 -24"><span class='ocrx_word' id='word_1_108' title='bbox 164 2234 284 2299; x_wconf 86' lang='lat' dir='ltr'>refellit.</span> <span class='ocrx_word' id='word_1_109' title='bbox 309 2233 535 2318; x_wconf 77' lang='lat' dir='ltr'>indignationis</span> <span class='ocrx_word' id='word_1_110' title='bbox 559 2241 590 2298; x_wconf 86' lang='lat' dir='ltr'>et</span> <span class='ocrx_word' id='word_1_111' title='bbox 611 2235 688 2298; x_wconf 87' lang='lat' dir='ltr'>iusti</span> <span class='ocrx_word' id='word_1_112' title='bbox 713 2235 803 2320; x_wconf 87' lang='lat' dir='ltr'>plena</span> <span class='ocrx_word' id='word_1_113' title='bbox 825 2235 938 2301; x_wconf 89' lang='lat' dir='ltr'>doloris</span> <span class='ocrx_word' id='word_1_114' title='bbox 963 2244 1008 2301; x_wconf 90' lang='lat' dir='ltr'>est</span> <span class='ocrx_word' id='word_1_115' title='bbox 1031 2237 1146 2314; x_wconf 89' lang='lat' dir='ltr'>oratio,</span> <span class='ocrx_word' id='word_1_116' title='bbox 1165 2237 1255 2322; x_wconf 87' lang='lat' dir='ltr'>quod</span> 
     </span>
     <span class='ocr_line' id='line_1_16' title="bbox 166 2344 1254 2432; baseline 0.001 -21"><span class='ocrx_word' id='word_1_117' title='bbox 166 2346 220 2432; x_wconf 88' lang='lat' dir='ltr'>qui</span> <span class='ocrx_word' id='word_1_118' title='bbox 250 2352 375 2432; x_wconf 90' lang='lat' dir='ltr'>propter</span> <span class='ocrx_word' id='word_1_119' title='bbox 404 2357 509 2407; x_wconf 89' lang='lat' dir='ltr'>verum</span> <span class='ocrx_word' id='word_1_120' title='bbox 540 2344 651 2409; x_wconf 87' lang='lat' dir='ltr'>crimen</span> <span class='ocrx_word' id='word_1_121' title='bbox 680 2345 818 2430; x_wconf 84' lang='lat' dir='ltr'>ignaviae</span> <span class='ocrx_word' id='word_1_122' title='bbox 841 2347 901 2431; x_wconf 90' lang='lat' dir='ltr'>ipsi</span> <span class='ocrx_word' id='word_1_123' title='bbox 924 2347 1076 2412; x_wconf 88' lang='lat' dir='ltr'>obiectum</span> <span class='ocrx_word' id='word_1_124' title='bbox 1100 2347 1194 2411; x_wconf 90' lang='lat' dir='ltr'>alium</span> <span class='ocrx_word' id='word_1_125' title='bbox 1218 2348 1254 2412; x_wconf 91' lang='lat' dir='ltr'>in</span> 
     </span>
     <span class='ocr_line' id='line_1_17' title="bbox 166 2456 1255 2545; baseline 0.002 -23"><span class='ocrx_word' id='word_1_126' title='bbox 166 2458 370 2522; x_wconf 85' lang='lat' dir='ltr'>calamitatem</span> <span class='ocrx_word' id='word_1_127' title='bbox 392 2456 583 2541; x_wconf 86' lang='lat' dir='ltr'>proiecisset,</span> <span class='ocrx_word' id='word_1_128' title='bbox 609 2457 668 2522; x_wconf 88' lang='lat' dir='ltr'>sibi</span> <span class='ocrx_word' id='word_1_129' title='bbox 691 2458 782 2522; x_wconf 85' lang='lat' dir='ltr'>licere</span> <span class='ocrx_word' id='word_1_130' title='bbox 805 2466 894 2543; x_wconf 87' lang='lat' dir='ltr'>putet</span> <span class='ocrx_word' id='word_1_131' title='bbox 915 2461 1042 2545; x_wconf 87' lang='lat' dir='ltr'>impunc</span> <span class='ocrx_word' id='word_1_132' title='bbox 1065 2459 1162 2525; x_wconf 92' lang='lat' dir='ltr'>multo</span> <span class='ocrx_word' id='word_1_133' title='bbox 1185 2482 1255 2544; x_wconf 84' lang='lat' dir='ltr'>gra·</span> 
     </span>
     <span class='ocr_line' id='line_1_18' title="bbox 167 2566 1252 2654; baseline 0.001 -21"><span class='ocrx_word' id='word_1_134' title='bbox 167 2569 233 2633; x_wconf 86' lang='lat' dir='ltr'>vius</span> <span class='ocrx_word' id='word_1_135' title='bbox 245 2567 400 2654; x_wconf 75' lang='lat' dir='ltr'>parricidii</span> <span class='ocrx_word' id='word_1_136' title='bbox 412 2566 607 2653; x_wconf 85' lang='lat' dir='ltr'>opprobrium</span> <span class='ocrx_word' id='word_1_137' title='bbox 619 2569 653 2632; x_wconf 92' lang='lat' dir='ltr'>in</span> <span class='ocrx_word' id='word_1_138' title='bbox 665 2568 869 2647; x_wconf 86' lang='lat' dir='ltr'>adversarium</span> <span class='ocrx_word' id='word_1_139' title='bbox 881 2570 1038 2635; x_wconf 90' lang='lat' dir='ltr'>coniicere.</span> <span class='ocrx_word' id='word_1_140' title='bbox 1067 2570 1252 2650; x_wconf 90' lang='lat' dir='ltr'>„Hancine,</span> 
     </span>
     <span class='ocr_line' id='line_1_19' title="bbox 167 2679 1255 2767; baseline 0.002 -22"><span class='ocrx_word' id='word_1_141' title='bbox 167 2681 269 2765; x_wconf 90' lang='lat' dir='ltr'>inquit</span> <span class='ocrx_word' id='word_1_142' title='bbox 300 2681 327 2764; x_wconf 64' lang='lat' dir='ltr'>(b</span> <span class='ocrx_word' id='word_1_143' title='bbox 360 2681 428 2763; x_wconf 77' lang='lat' dir='ltr'>la),</span> <span class='ocrx_word' id='word_1_144' title='bbox 460 2687 496 2742; x_wconf 90' lang='lat' dir='ltr'>tu</span> <span class='ocrx_word' id='word_1_145' title='bbox 525 2679 651 2762; x_wconf 84' lang='lat' dir='ltr'>gratiam</span> <span class='ocrx_word' id='word_1_146' title='bbox 681 2680 774 2745; x_wconf 91' lang='lat' dir='ltr'>refers</span> <span class='ocrx_word' id='word_1_147' title='bbox 798 2681 931 2760; x_wconf 88' lang='lat' dir='ltr'>civitati,</span> <span class='ocrx_word' id='word_1_148' title='bbox 956 2705 1033 2766; x_wconf 90' lang='lat' dir='ltr'>quae</span> <span class='ocrx_word' id='word_1_149' title='bbox 1057 2689 1087 2746; x_wconf 87' lang='lat' dir='ltr'>te</span> <span class='ocrx_word' id='word_1_150' title='bbox 1111 2706 1126 2746; x_wconf 91' lang='lat' dir='ltr'>c</span> <span class='ocrx_word' id='word_1_151' title='bbox 1150 2682 1255 2767; x_wconf 86' lang='lat' dir='ltr'>priore</span> 
     </span>
     <span class='ocr_line' id='line_1_20' title="bbox 168 2792 1256 2879; baseline 0.002 -23"><span class='ocrx_word' id='word_1_152' title='bbox 168 2792 303 2871; x_wconf 84' lang='lat' dir='ltr'>„iudicio</span> <span class='ocrx_word' id='word_1_153' title='bbox 335 2792 452 2856; x_wconf 89' lang='lat' dir='ltr'>salvum</span> <span class='ocrx_word' id='word_1_154' title='bbox 476 2799 506 2856; x_wconf 89' lang='lat' dir='ltr'>et</span> <span class='ocrx_word' id='word_1_155' title='bbox 528 2793 682 2879; x_wconf 83' lang='lat' dir='ltr'>integrum</span> <span class='ocrx_word' id='word_1_156' title='bbox 705 2793 838 2872; x_wconf 88' lang='lat' dir='ltr'>dimisit,</span> <span class='ocrx_word' id='word_1_157' title='bbox 872 2803 909 2859; x_wconf 90' lang='lat' dir='ltr'>ut</span> <span class='ocrx_word' id='word_1_158' title='bbox 931 2795 988 2859; x_wconf 88' lang='lat' dir='ltr'>tibi</span> <span class='ocrx_word' id='word_1_159' title='bbox 1012 2796 1080 2859; x_wconf 91' lang='lat' dir='ltr'>aliis</span> <span class='ocrx_word' id='word_1_160' title='bbox 1102 2795 1256 2859; x_wconf 86' lang='lat' dir='ltr'>insultan-</span> 
     </span>
     <span class='ocr_line' id='line_1_21' title="bbox 166 2903 1255 2992; baseline 0.005 -24"><span class='ocrx_word' id='word_1_161' title='bbox 166 2904 261 2983; x_wconf 87' lang='lat' dir='ltr'>„dum</span> <span class='ocrx_word' id='word_1_162' title='bbox 294 2903 425 2990; x_wconf 82' lang='lat' dir='ltr'>putes?”</span> <span class='ocrx_word' id='word_1_163' title='bbox 472 2903 588 2969; x_wconf 87' lang='lat' dir='ltr'>Acerba</span> <span class='ocrx_word' id='word_1_164' title='bbox 622 2911 695 2968; x_wconf 86' lang='lat' dir='ltr'>sunt</span> <span class='ocrx_word' id='word_1_165' title='bbox 727 2905 781 2969; x_wconf 93' lang='lat' dir='ltr'>illa</span> <span class='ocrx_word' id='word_1_166' title='bbox 815 2907 842 2991; x_wconf 66' lang='lat' dir='ltr'>(b</span> <span class='ocrx_word' id='word_1_167' title='bbox 873 2907 943 2991; x_wconf 82' lang='lat'>28):</span> <span class='ocrx_word' id='word_1_168' title='bbox 968 2927 1046 2985; x_wconf 91' lang='lat' dir='ltr'>„cur</span> <span class='ocrx_word' id='word_1_169' title='bbox 1069 2929 1126 2992; x_wconf 87' lang='lat' dir='ltr'>ego</span> <span class='ocrx_word' id='word_1_170' title='bbox 1149 2907 1255 2974; x_wconf 84' lang='lat' dir='ltr'>minus</span> 
     </span>
     <span class='ocr_line' id='line_1_22' title="bbox 168 3015 1257 3103; baseline 0.003 -23"><span class='ocrx_word' id='word_1_171' title='bbox 168 3017 341 3102; x_wconf 87' lang='lat' dir='ltr'>„gratiosus</span> <span class='ocrx_word' id='word_1_172' title='bbox 371 3016 428 3080; x_wconf 90' lang='lat' dir='ltr'>sim</span> <span class='ocrx_word' id='word_1_173' title='bbox 458 3015 561 3094; x_wconf 87' lang='lat' dir='ltr'>vobis,</span> <span class='ocrx_word' id='word_1_174' title='bbox 594 3016 732 3081; x_wconf 83' lang='lat' dir='ltr'>iudices?</span> <span class='ocrx_word' id='word_1_175' title='bbox 762 3039 837 3081; x_wconf 92' lang='lat' dir='ltr'>num</span> <span class='ocrx_word' id='word_1_176' title='bbox 861 3017 942 3101; x_wconf 93' lang='lat' dir='ltr'>quod</span> <span class='ocrx_word' id='word_1_177' title='bbox 967 3039 1028 3080; x_wconf 91' lang='lat' dir='ltr'>non</span> <span class='ocrx_word' id='word_1_178' title='bbox 1052 3040 1108 3102; x_wconf 84' lang='lat' dir='ltr'>ego</span> <span class='ocrx_word' id='word_1_179' title='bbox 1131 3019 1179 3103; x_wconf 84' lang='lat' dir='ltr'>(ut</span> <span class='ocrx_word' id='word_1_180' title='bbox 1203 3019 1257 3083; x_wconf 87' lang='lat' dir='ltr'>ad-</span> 
     </span>
     <span class='ocr_line' id='line_1_23' title="bbox 166 3128 1254 3214; baseline 0.003 -23"><span class='ocrx_word' id='word_1_181' title='bbox 166 3129 349 3213; x_wconf 68' lang='lat' dir='ltr'>„versariusl</span> <span class='ocrx_word' id='word_1_182' title='bbox 373 3129 463 3192; x_wconf 87' lang='lat' dir='ltr'>armis</span> <span class='ocrx_word' id='word_1_183' title='bbox 486 3128 550 3214; x_wconf 85' lang='lat' dir='ltr'>ipse</span> <span class='ocrx_word' id='word_1_184' title='bbox 578 3128 702 3193; x_wconf 89' lang='lat' dir='ltr'>abiectis</span> <span class='ocrx_word' id='word_1_185' title='bbox 726 3151 834 3192; x_wconf 90' lang='lat' dir='ltr'>accuso</span> <span class='ocrx_word' id='word_1_186' title='bbox 857 3128 950 3193; x_wconf 88' lang='lat' dir='ltr'>fortes</span> <span class='ocrx_word' id='word_1_187' title='bbox 973 3129 1053 3193; x_wconf 90' lang='lat' dir='ltr'>viros</span> <span class='ocrx_word' id='word_1_188' title='bbox 1078 3130 1131 3214; x_wconf 90' lang='lat' dir='ltr'>qui</span> <span class='ocrx_word' id='word_1_189' title='bbox 1154 3153 1254 3196; x_wconf 85' lang='lat' dir='ltr'>serva-</span> 
     </span>
     <span class='ocr_line' id='line_1_24' title="bbox 168 3240 1254 3326; baseline 0 -20"><span class='ocrx_word' id='word_1_190' title='bbox 168 3249 301 3321; x_wconf 88' lang='lat' dir='ltr'>„verunt</span> <span class='ocrx_word' id='word_1_191' title='bbox 309 3240 343 3304; x_wconf 78' lang='lat'>?&#39;&#39;</span> <span class='ocrx_word' id='word_1_192' title='bbox 389 3240 519 3304; x_wconf 82' lang='lat' dir='ltr'>Gravem</span> <span class='ocrx_word' id='word_1_193' title='bbox 542 3240 614 3305; x_wconf 90' lang='lat' dir='ltr'>haec</span> <span class='ocrx_word' id='word_1_194' title='bbox 638 3241 795 3305; x_wconf 91' lang='lat' dir='ltr'>continent</span> <span class='ocrx_word' id='word_1_195' title='bbox 815 3240 952 3304; x_wconf 90' lang='lat' dir='ltr'>iudicum</span> <span class='ocrx_word' id='word_1_196' title='bbox 967 3241 1254 3326; x_wconf 68' lang='lat' dir='ltr'>reprehensionem</span> 
     </span>
     <span class='ocr_line' id='line_1_25' title="bbox 167 3352 1254 3439; baseline -0.001 -19"><span class='ocrx_word' id='word_1_197' title='bbox 167 3377 223 3420; x_wconf 89' lang='lat' dir='ltr'>nec</span> <span class='ocrx_word' id='word_1_198' title='bbox 246 3363 392 3437; x_wconf 88' lang='lat' dir='ltr'>tanquam</span> <span class='ocrx_word' id='word_1_199' title='bbox 416 3352 544 3437; x_wconf 84' lang='lat' dir='ltr'>supplex</span> <span class='ocrx_word' id='word_1_200' title='bbox 567 3360 669 3438; x_wconf 90' lang='lat' dir='ltr'>petere</span> <span class='ocrx_word' id='word_1_201' title='bbox 692 3352 729 3416; x_wconf 88' lang='lat' dir='ltr'>ab</span> <span class='ocrx_word' id='word_1_202' title='bbox 753 3353 816 3417; x_wconf 89' lang='lat' dir='ltr'>illis</span> <span class='ocrx_word' id='word_1_203' title='bbox 840 3353 1002 3437; x_wconf 81' lang='lat' dir='ltr'>dignatur,</span> <span class='ocrx_word' id='word_1_204' title='bbox 1027 3352 1080 3417; x_wconf 89' lang='lat' dir='ltr'>sed</span> <span class='ocrx_word' id='word_1_205' title='bbox 1102 3354 1254 3439; x_wconf 87' lang='lat' dir='ltr'>imperare</span> 
     </span>
     <span class='ocr_line' id='line_1_26' title="bbox 170 3463 1255 3549; baseline 0.001 -20"><span class='ocrx_word' id='word_1_206' title='bbox 170 3465 290 3529; x_wconf 90' lang='lat' dir='ltr'>videtur</span> <span class='ocrx_word' id='word_1_207' title='bbox 317 3463 480 3529; x_wconf 74' lang='lat' dir='ltr'>iudicibus</span> <span class='ocrx_word' id='word_1_208' title='bbox 519 3464 612 3542; x_wconf 93' lang='lat' dir='ltr'>„Bis,</span> <span class='ocrx_word' id='word_1_209' title='bbox 643 3465 758 3549; x_wconf 89' lang='lat' dir='ltr'>inquit,</span> <span class='ocrx_word' id='word_1_210' title='bbox 783 3465 991 3529; x_wconf 90' lang='lat' dir='ltr'>testimonium</span> <span class='ocrx_word' id='word_1_211' title='bbox 1014 3464 1079 3528; x_wconf 87' lang='lat' dir='ltr'>dixi</span> <span class='ocrx_word' id='word_1_212' title='bbox 1100 3464 1132 3528; x_wconf 89' lang='lat' dir='ltr'>in</span> <span class='ocrx_word' id='word_1_213' title='bbox 1155 3465 1255 3530; x_wconf 76' lang='lat' dir='ltr'>Theo·</span> 
     </span>
     <span class='ocr_line' id='line_1_27' title="bbox 167 3573 1253 3661; baseline 0.001 -20"><span class='ocrx_word' id='word_1_214' title='bbox 167 3582 359 3655; x_wconf 89' lang='lat' dir='ltr'>„mnestum;</span> <span class='ocrx_word' id='word_1_215' title='bbox 383 3573 520 3639; x_wconf 91' lang='lat' dir='ltr'>nondum</span> <span class='ocrx_word' id='word_1_216' title='bbox 543 3575 622 3639; x_wconf 89' lang='lat' dir='ltr'>enim</span> <span class='ocrx_word' id='word_1_217' title='bbox 647 3599 789 3641; x_wconf 86' lang='lat' dir='ltr'>noveram</span> <span class='ocrx_word' id='word_1_218' title='bbox 813 3599 924 3661; x_wconf 87' lang='lat' dir='ltr'>poenas</span> <span class='ocrx_word' id='word_1_219' title='bbox 936 3598 989 3640; x_wconf 82' lang='lat' dir='ltr'>vos</span> <span class='ocrx_word' id='word_1_220' title='bbox 1006 3576 1142 3661; x_wconf 83' lang='lat' dir='ltr'>infligere</span> <span class='ocrx_word' id='word_1_221' title='bbox 1155 3576 1185 3641; x_wconf 90' lang='lat' dir='ltr'>in</span> <span class='ocrx_word' id='word_1_222' title='bbox 1200 3600 1253 3642; x_wconf 90' lang='lat' dir='ltr'>cos</span> 
     </span>
     <span class='ocr_line' id='line_1_28' title="bbox 169 3687 1254 3774; baseline 0 -22"><span class='ocrx_word' id='word_1_223' title='bbox 169 3689 246 3774; x_wconf 91' lang='lat' dir='ltr'>„qui</span> <span class='ocrx_word' id='word_1_224' title='bbox 275 3687 350 3751; x_wconf 86' lang='lat' dir='ltr'>alios</span> <span class='ocrx_word' id='word_1_225' title='bbox 381 3709 464 3750; x_wconf 89' lang='lat' dir='ltr'>arma</span> <span class='ocrx_word' id='word_1_226' title='bbox 486 3687 678 3771; x_wconf 90' lang='lat' dir='ltr'>proiicientes</span> <span class='ocrx_word' id='word_1_227' title='bbox 704 3687 867 3765; x_wconf 86' lang='lat' dir='ltr'>vidissent,</span> <span class='ocrx_word' id='word_1_228' title='bbox 892 3689 1046 3772; x_wconf 86' lang='lat' dir='ltr'>ignoscere</span> <span class='ocrx_word' id='word_1_229' title='bbox 1071 3698 1173 3752; x_wconf 89' lang='lat' dir='ltr'>autem</span> <span class='ocrx_word' id='word_1_230' title='bbox 1196 3689 1254 3768; x_wconf 91' lang='lat' dir='ltr'>iis,</span> 
     </span>
     <span class='ocr_line' id='line_1_29' title="bbox 168 3798 1258 3884; baseline 0.003 -22"><span class='ocrx_word' id='word_1_231' title='bbox 168 3800 245 3884; x_wconf 92' lang='lat' dir='ltr'>„qui</span> <span class='ocrx_word' id='word_1_232' title='bbox 276 3799 334 3884; x_wconf 89' lang='lat' dir='ltr'>ipsi</span> <span class='ocrx_word' id='word_1_233' title='bbox 365 3798 562 3883; x_wconf 83' lang='lat' dir='ltr'>proiecissent</span> <span class='ocrx_word' id='word_1_234' title='bbox 589 3801 617 3884; x_wconf 66' lang='lat' dir='ltr'>(p</span> <span class='ocrx_word' id='word_1_235' title='bbox 639 3799 724 3883; x_wconf 81' lang='lat'>30).”</span> <span class='ocrx_word' id='word_1_236' title='bbox 769 3799 941 3864; x_wconf 88' lang='lat' dir='ltr'>Prudenter</span> <span class='ocrx_word' id='word_1_237' title='bbox 963 3800 1053 3863; x_wconf 89' lang='lat' dir='ltr'>etiam</span> <span class='ocrx_word' id='word_1_238' title='bbox 1077 3821 1166 3864; x_wconf 90' lang='lat' dir='ltr'>omne</span> <span class='ocrx_word' id='word_1_239' title='bbox 1190 3823 1258 3884; x_wconf 87' lang='lat' dir='ltr'>per·</span> 
     </span>
     <span class='ocr_line' id='line_1_30' title="bbox 169 3910 1257 3996; baseline 0.002 -22"><span class='ocrx_word' id='word_1_240' title='bbox 169 3911 287 3996; x_wconf 72' lang='lat' dir='ltr'>fugium</span> <span class='ocrx_word' id='word_1_241' title='bbox 311 3910 395 3996; x_wconf 90' lang='lat' dir='ltr'>quod</span> <span class='ocrx_word' id='word_1_242' title='bbox 418 3933 453 3974; x_wconf 81' lang='lat' dir='ltr'>ex</span> <span class='ocrx_word' id='word_1_243' title='bbox 478 3911 561 3974; x_wconf 88' lang='lat' dir='ltr'>verbi</span> <span class='ocrx_word' id='word_1_244' title='bbox 584 3910 751 3993; x_wconf 71' lang='grc' dir='ltr'><em>ἀνδροφόνος</em></span> <span class='ocrx_word' id='word_1_245' title='bbox 775 3910 1025 3996; x_wconf 88' lang='lat' dir='ltr'>interpretatione</span> <span class='ocrx_word' id='word_1_246' title='bbox 1041 3917 1140 3975; x_wconf 88' lang='lat' dir='ltr'>tentat</span> <span class='ocrx_word' id='word_1_247' title='bbox 1158 3910 1257 3976; x_wconf 79' lang='lat' dir='ltr'>&#39;Pheo-</span> 
     </span>
     <span class='ocr_line' id='line_1_31' title="bbox 169 4022 1255 4107; baseline 0 -20"><span class='ocrx_word' id='word_1_248' title='bbox 169 4030 321 4100; x_wconf 90' lang='lat' dir='ltr'>mnestus,</span> <span class='ocrx_word' id='word_1_249' title='bbox 354 4022 519 4107; x_wconf 86' lang='lat' dir='ltr'>praecidit;</span> <span class='ocrx_word' id='word_1_250' title='bbox 552 4045 623 4087; x_wconf 90' lang='lat' dir='ltr'>nam</span> <span class='ocrx_word' id='word_1_251' title='bbox 652 4045 746 4106; x_wconf 94' lang='lat' dir='ltr'>quum</span> <span class='ocrx_word' id='word_1_252' title='bbox 776 4022 825 4086; x_wconf 88' lang='lat' dir='ltr'>lex</span> <span class='ocrx_word' id='word_1_253' title='bbox 856 4022 944 4086; x_wconf 91' lang='lat' dir='ltr'>illum</span> <span class='ocrx_word' id='word_1_254' title='bbox 974 4022 1144 4086; x_wconf 89' lang='lat' dir='ltr'>calumniae</span> <span class='ocrx_word' id='word_1_255' title='bbox 1167 4045 1255 4087; x_wconf 88' lang='lat' dir='ltr'>reum</span> 
     </span>
     <span class='ocr_line' id='line_1_32' title="bbox 169 4134 1255 4220; baseline 0.002 -22"><span class='ocrx_word' id='word_1_256' title='bbox 169 4136 385 4220; x_wconf 89' lang='lat' dir='ltr'>pronunciaret</span> <span class='ocrx_word' id='word_1_257' title='bbox 420 4135 474 4218; x_wconf 92' lang='lat' dir='ltr'>qui</span> <span class='ocrx_word' id='word_1_258' title='bbox 514 4135 642 4199; x_wconf 90' lang='lat' dir='ltr'>alterum</span> <span class='ocrx_word' id='word_1_259' title='bbox 676 4135 843 4216; x_wconf 71' lang='grc' dir='ltr'><em>ἀνδροφόνον</em></span> <span class='ocrx_word' id='word_1_260' title='bbox 878 4134 1076 4219; x_wconf 88' lang='lat' dir='ltr'>appellasset,</span> <span class='ocrx_word' id='word_1_261' title='bbox 1109 4134 1255 4200; x_wconf 84' lang='lat' dir='ltr'>obiiceret</span> 
     </span>
     <span class='ocr_line' id='line_1_33' title="bbox 171 4245 1254 4323; baseline 0.001 -13"><span class='ocrx_word' id='word_1_262' title='bbox 171 4255 271 4310; x_wconf 87' lang='lat' dir='ltr'>autem</span> <span class='ocrx_word' id='word_1_263' title='bbox 302 4246 490 4310; x_wconf 87' lang='lat' dir='ltr'>adversarius</span> <span class='ocrx_word' id='word_1_264' title='bbox 520 4269 582 4309; x_wconf 88' lang='lat' dir='ltr'>non</span> <span class='ocrx_word' id='word_1_265' title='bbox 613 4269 647 4310; x_wconf 87' lang='lat' dir='ltr'>eo</span> <span class='ocrx_word' id='word_1_266' title='bbox 674 4245 765 4310; x_wconf 86' lang='lat' dir='ltr'>verbo</span> <span class='ocrx_word' id='word_1_267' title='bbox 790 4268 821 4309; x_wconf 86' lang='lat' dir='ltr'>se</span> <span class='ocrx_word' id='word_1_268' title='bbox 844 4268 932 4309; x_wconf 90' lang='lat' dir='ltr'>usum</span> <span class='ocrx_word' id='word_1_269' title='bbox 957 4269 1038 4323; x_wconf 89' lang='lat' dir='ltr'>sese,</span> <span class='ocrx_word' id='word_1_270' title='bbox 1063 4246 1115 4310; x_wconf 87' lang='lat' dir='ltr'>scd</span> <span class='ocrx_word' id='word_1_271' title='bbox 1140 4246 1254 4311; x_wconf 83' lang='lat' dir='ltr'>dixisse</span> 
     </span>
     <span class='ocr_line' id='line_1_34' title="bbox 170 4358 1254 4444; baseline 0 -19"><span class='ocrx_word' id='word_1_272' title='bbox 170 4359 356 4427; x_wconf 68' lang='grc' dir='ltr'><em>ἀπεκτονέναι</em></span> <span class='ocrx_word' id='word_1_273' title='bbox 379 4358 428 4426; x_wconf 76' lang='grc' dir='ltr'>τὸν</span> <span class='ocrx_word' id='word_1_274' title='bbox 450 4359 563 4439; x_wconf 63' lang='lat' dir='ltr'>rurba</span> <span class='ocrx_word' id='word_1_275' title='bbox 586 4366 809 4438; x_wconf 84' lang='lat' dir='ltr'>accusatorem,</span> <span class='ocrx_word' id='word_1_276' title='bbox 832 4358 885 4423; x_wconf 91' lang='lat' dir='ltr'>ille</span> <span class='ocrx_word' id='word_1_277' title='bbox 907 4358 1007 4444; x_wconf 87' lang='lat' dir='ltr'>prisca</span> <span class='ocrx_word' id='word_1_278' title='bbox 1028 4359 1119 4424; x_wconf 81' lang='lat' dir='ltr'>rerba</span> <span class='ocrx_word' id='word_1_279' title='bbox 1141 4381 1177 4423; x_wconf 83' lang='lat' dir='ltr'>cx</span> <span class='ocrx_word' id='word_1_280' title='bbox 1201 4381 1254 4425; x_wconf 83' lang='lat' dir='ltr'>an·</span> 
     </span>
    </p>
   </div>
   <div class='ocr_carea' id='block_1_7' title="bbox 0 0 1440 5024">
    <p class='ocr_par' dir='ltr' id='par_1_7' title="bbox 0 0 1440 5024">
     <span class='ocr_line' id='line_1_35' title="bbox 0 0 1440 5024; baseline 0 0"><span class='ocrx_word' id='word_1_281' title='bbox 0 0 1440 5024; x_wconf 95' lang='lat' dir='ltr'> </span> 
     </span>
    </p>
   </div>
  </div>
 </body>
</html>
