2850 5024
698 405 739 466 91

221 607 312 690 §3L
360 605 530 682 Ἑβούλοντο
560 604 664 683 τοίνυν,
696 599 716 666 ὦ
748 602 844 682 ἄνδρες
876 599 1029 671 δικιιττινί,
1061 596 1102 660 ἔτι
1126 594 1260 659 πλειόνων

178 717 285 790 οιύτὸς
315 717 356 782 τίν
384 717 514 794 ίνίμοιτοι
544 713 738 795 οὶπογριίψοιι·
769 711 840 778 ούτιο
871 710 984 793 οφίδριι
1007 711 1103 788 ἔρρωτο
1128 711 1144 782 η
1167 707 1260 784 βουλὴ

179 828 265 894 xxxiv
287 851 316 892 τι
339 827 525 908 ε’ργοίζετύοιι·
549 825 659 897 οούτδς
681 828 732 890 οὐκ
754 825 841 890 ἕδύιιει
865 826 962 893 αὐτοῖς
982 819 1104 885 οίποινπιι
1124 818 1262 892 τύληύῆ
1364 897 1367 904 ,

178 964 221 1004 πιο
253 937 496 1019 ιιοοτηγορηνιίνιοι.
528 938 642 1008 τούτους
673 937 726 1013 μὲν
749 933 796 1000 οὖν
819 932 957 1005 ἅπτοντος
981 933 1049 998 ἑκὼν
1071 929 1260 1010 οίπογροίφει,

177 1050 310 1121 ούδειοιοῖς
340 1051 418 1129 τούτῷ
448 1049 582 1126 οίνοίγκης
604 1047 704 1122 οὔσης.
729 1046 810 1123 meai
831 1052 916 1110 τοῦτο
940 1040 1177 1123 προςοιπογροίφει
1200 1038 1260 1104 ἑτέ-

178 1184 238 1242 ρους
259 1165 317 1226 τῶν
338 1164 471 1224 πολιτῶν.
512 1158 573 1221 Pro
595 1158 684 1229 αὐτὸς
707 1159 756 1222 οὐκ
779 1156 818 1222 ἒδ.
854 1153 1013 1220 Scheibius
1036 1174 1105 1216 cum
1129 1149 1264 1235 Sauppio

124 1250 129 1259 Ι
178 1271 262 1338 dedit
277 1273 325 1337 καί
346 1271 433 1342 αὖτίς
446 1294 468 1334 ο.
481 1273 504 1334 ε’.
515 1323 523 1346 ,
541 1292 595 1355 pro
607 1273 694 1342 ονύτδς
711 1271 751 1334 τίι
763 1257 899 1346 ’ίνίμυτοι
911 1289 981 1331 ουτοι
993 1264 1061 1329 aliis
1073 1264 1161 1329 αὐτὸν
1172 1263 1212 1327 τοὶ
1224 1264 1262 1326 ο’ν.

179 1383 249 1449 Non
268 1391 392 1469 possent
411 1382 485 1446 haee
506 1380 623 1453 τούτους
645 1381 699 1457 μὲν
722 1378 768 1445 οὖν
791 1418 836 1428 -
859 1380 943 1451 οὔσης
966 1375 1076 1462 Lysiae
1097 1373 1262 1454 vindicari,

179 1496 237 1560 nisi
267 1494 347 1558 iaetu
373 1490 609 1578 transpositione
631 1493 690 1557 hoe
713 1491 819 1556 modo:
843 1491 962 1561 τούτους
985 1489 1037 1566 μὲν
1059 1482 1105 1551 ούν
1126 1483 1263 1555 ίίποοντιις

179 1585 246 1671 isin
267 1606 455 1689 simmei,
479 1606 612 1681 οὐδεμιᾶς
636 1607 715 1686 οιύτῷ
735 1604 867 1680 οίνοίγκης
887 1603 980 1676 ούοης.
1015 1599 1189 1677 Ἕβούλοντο
1204 1596 1261 1659 τοί-

180 1742 242 1794 νυν,
273 1713 293 1781 ὦ
321 1713 418 1798 ἄνδρες
449 1717 601 1799 δικοιττιιί,
631 1717 674 1780 ἔτι
705 1716 840 1780 πλειόνων
862 1713 949 1779 οιύτδν
972 1713 1013 1778 ποί
1035 1711 1166 1788 δνίροοντοο
1188 1709 1263 1772 οὶπο-

180 1828 234 1909 γρ’
264 1848 312 1892 οοι·
343 1826 414 1893 τύποι
438 1828 538 1912 σφόδρ’
561 1827 657 1910 ἔρρωτο
681 1831 697 1904 η
721 1827 813 1904 βουλὴ
837 1827 925 1891 κοικύν
947 1851 974 1890 τι
999 1823 1189 1904 ε’ργοίζεσίοοι,
1213 1819 1262 1883 κού

178 1942 226 2004 ούκ
257 1939 344 2004 ἐδόκει
376 1944 475 2007 οιύτοῑς
505 1941 618 2016 τύληίῆ
641 1964 686 2004 πυ
709 1940 944 2019 κατηγορηκέναι.
990 1937 1082 2004 Μετὰ
1104 1937 1183 2000 τοῦτ’
1206 1929 1264 1997 οὖν

178 2052 418 2132 τροςοοπογροίφει
449 2049 556 2132 ἑτέρους
590 2058 644 2115 τῶν
675 2057 810 2118 πολιτῶν.
857 2048 978 2129 Quibus
1003 2045 1144 2112 addenda
1165 2045 1266 2109 forent

178 2161 208 2225 in
238 2162 298 2226 fine
330 2162 421 2227 verbs
449 2165 501 2228 κιιί
524 2187 571 2242 μοι
594 2162 667 2241 λέγε
689 2164 731 2227 τίν
754 2164 896 2240 ν’νίροιιτοο.
942 2161 1102 2224 Praeterea
1124 2163 1265 2241 suspects

179 2272 236 2337 ista
266 2274 316 2338 κού
349 2276 399 2339 οὐκ
429 2312 474 2323 -
503 2275 741 2356 κοιτηγορηκίνοιι.
788 2273 869 2339 Nam
900 2281 935 2338 ui
966 2274 1104 2338 omittam
1136 2292 1264 2346 κοιτηγο-

177 2383 287 2463 ρηιιένοιι
317 2406 372 2469 pro
403 2387 598 2464 nannetensium
629 2387 763 2471 positum
794 2387 844 2469 (ef.
873 2388 954 2471 §50
980 2392 1010 2448 et
1035 2386 1107 2469 56),
1132 2383 1190 2445 viri
1212 2379 1264 2443 isti

179 2517 239 2558 non
258 2495 475 2580 exspectabant
496 2519 527 2561 se
546 2518 614 2561 vers
625 2497 664 2562 ab
676 2499 812 2582 Agorato
825 2496 995 2561 audituros.
1020 2496 1068 2560 De
1087 2495 1154 2559 istis
1168 2492 1265 2557 verbis

179 2607 318 2671 convenit
340 2608 416 2672 mihi
436 2631 507 2672 eum
525 2609 744 2687 Herwerdeno,
764 2611 817 2694 qui
835 2617 990 2695 praeterea
1005 2631 1076 2673 cum
1097 2606 1165 2671 aliis
1184 2607 1264 2683 μετὰ

178 2718 256 2784 τοῖοι)
278 2756 324 2767 -
346 2727 470 2785 πολιτῶν
493 2721 615 2784 omittit.
663 2720 778 2786 Inutile
802 2728 847 2786 est
870 2721 907 2786 de
929 2723 978 2786 his
1001 2743 1155 2806 pugnare,
1180 2717 1263 2804 quod

178 2828 262 2893 loeus
292 2830 335 2893 ita
363 2831 566 2917 interpolatus
597 2839 699 2896 estut
724 2840 806 2896 certe
830 2832 1012 2898 emendandi
1034 2832 1084 2896 via
1106 2831 1264 2916 praeclusa

178 2941 225 3004 sit.
262 2939 331 3004 Hoc
355 2949 475 3006 tantum
498 2941 589 3006 velim
612 2942 737 3007 attendi.
778 2943 819 3007 1⁰.
845 2943 878 3008 Si
902 2946 1054 3028 Agorutus
1078 2965 1141 3007 non
1161 2942 1264 3028 plures

180 3072 269 3138 quam
298 3053 387 3137 initio
410 3053 539 3132 detulit,
563 3053 671 3118 inutile
695 3062 741 3118 est
765 3055 848 3139 quod
872 3055 950 3120 dicii
972 3061 1075 3118 orsior
1097 3053 1135 3118 de
1158 3054 1264 3118 hostili

177 3173 299 3229 senatus
318 3167 419 3230 animo
427 3193 436 3243 3
456 3167 503 3230 sin
520 3165 632 3230 detulit
649 3186 710 3230 non
729 3174 792 3231 eret
809 3167 920 3232 oratori
932 3167 1106 3232 tacendum.
1131 3165 1175 3231 2⁰.
1189 3166 1263 3231 Τού-

176 3297 240 3347 τους
271 3277 324 3353 μὲν
351 3274 397 3341 οὖν
423 3277 560 3350 ίίποιντοις
592 3279 694 3342 statim
724 3286 794 3363 post
824 3279 1082 3345 enumerationem
1105 3281 1192 3364 sequi
1215 3280 1264 3344 de

176 3381 247 3450 bere
272 3386 400 3451 videtur.

219 3499 301 3582 §35
331 3500 423 3564 verba
452 3499 601 3583 quaedam
632 3509 703 3565 sunt
726 3502 890 3566 admodum
914 3504 989 3568 mihi
1013 3513 1162 3589 suspecta.
1208 3504 1264 3569 Le·

169 3610 279 3694 gitur:
311 3611 407 3685 ἕπειδη
435 3612 526 3676 τοίνυν
558 3613 582 3676 οἱ
613 3613 767 3693 τριοίιιοντοι
790 3616 1029 3697 κνοτεοτοίύηοοιν,
1055 3616 1153 3688 εύύέως
1176 3619 1264 3696 κρίσιν

167 3727 235 3792 τοῖς
264 3720 380 3800 οίνδροίτι
410 3722 517 3793 τούτοις
549 3723 658 3787 ἐποίουν
689 3727 721 3788 ἕν
751 3736 793 3806 τῇ
825 3725 953 3806 βουλῇ,
983 3730 997 3789 ὁ
1028 3729 1064 3790 δὲ
1091 3729 1201 3805 δῆμος
1230 3731 1263 3793 ἒν

166 3836 220 3912 τῷ
253 3832 467 3912 δικοοττηρίιρ
495 3835 529 3898 ἕν
560 3835 749 3915 διςχιλίοις
778 3837 997 3917 ἕψηΦίτοιτο.
1044 3840 1104 3903 Kal
1125 3863 1172 3916 μοι
1195 3839 1265 3904 οίνοί-

163 3945 261 4016 ymon
284 3945 317 4008 τὸ
339 3947 494 4024 ψήφισμα,
538 3957 733 4013 ΨΗΦΙΟΜΑ.
777 3951 813 4014 Ei
837 3950 889 4025 μὲν
913 3946 958 4014 οὖν
971 3951 1009 4012 *ἐν
1032 3954 1072 4031 τῷ
1095 3951 1263 4031 δικοιττηρίῳ

164 4055 309 4134 ἐκρίνοντο
332 4079 359 4119 κ.
384 4080 410 4118 τ.
434 4057 456 4119 ἑ.
505 4055 592 4122 Nihil
620 4080 656 4121 ex
685 4059 752 4123 eliis
776 4060 976 4146 scriptoribus
1000 4061 1135 4127 innotuit
1159 4062 1196 4126 de
1219 4063 1265 4126 iu·

164 4165 255 4230 dicio
279 4165 325 4229 bis
348 4167 430 4230 mille
454 4168 574 4232 eivium.
622 4168 699 4233 Tum
723 4192 800 4255 quse
824 4178 924 4255 partes
947 4171 993 4235 illi
1016 4173 1130 4237 iudicio
1155 4175 1264 4240 adseri-

169 4274 290 4342 bsntur
312 4300 374 4341 non
398 4280 592 4363 perspicuum
617 4291 671 4345 est.
708 4282 740 4346 Si
764 4283 1017 4368 simplicissimam
1042 4288 1264 4371 interpretatio-

171 4408 250 4452 nem
279 4412 422 4474 seqmre,
454 4400 490 4455 ut
521 4393 653 4479 populus
684 4394 794 4460 iudicis
817 4418 976 4484 personam
1000 4420 1108 4483 gerens
1131 4398 1168 4463 de
1192 4401 1262 4464 viris
