2850 5024
747 300 808 360 180

223 503 339 581 μεῖζον,
370 502 513 580 οὶμαρτεῖν
538 508 645 572 πιστῆς
667 503 799 579 dalton
824 508 855 563 et
878 500 988 565 Aesch.
1014 504 1072 586 Ag.
1100 508 1181 569 601:
1206 510 1239 573 τί
1260 510 1322 591 γὰρ

222 611 338 687 γυναικί
368 611 469 674 τούτου
498 611 615 690 φέγγος
640 609 711 685 ηδιον
733 611 859 688 δρακεῖν,
882 612 944 674 οῖπδ
967 614 1124 692 στρατείας
1147 613 1239 697 σ’ίνδρα
1264 643 1322 681 σιο-

221 721 326 791 σιίντος
351 722 412 782 θεοῖοΙ
436 720 535 789 πύηας
558 717 690 794 οῖνοῖξαι;
714 718 769 781 ubi
793 718 847 800 qui
871 740 970 802 nuper
994 720 1092 784 edidit
1115 723 1323 806 Agamemno·

222 852 293 893 nem
317 828 497 912 (Aeschylos
523 829 581 911 Ag.
606 827 661 891 Gr.
687 851 717 891 u.
743 827 881 890 Deutsch
907 851 966 891 von
991 829 1030 896 K.
1048 831 1089 894 H.
1107 831 1212 910 Keck,
1230 833 1319 917 Lips.

227 941 323 1022 1863)
347 936 432 1000 dedit
453 936 569 1015 ύνοίξω;
595 937 647 1000 sed
671 937 788 1017 Φθνγος
812 941 885 1019 θνα,
907 941 1053 1020 caudium
1077 949 1138 1017 est,
1161 963 1225 1004 non
1241 945 1319 1006 dies.

223 1049 303 1111 Cum
326 1048 435 1131 Lysiae
458 1047 525 1110 loco
549 1047 586 1110 cf.
614 1050 643 1110 2.
672 1049 729 1111 ⁷3:
754 1047 786 1110 τί
806 1049 866 1125 νθιρ
889 1047 927 1112 όιν
947 1049 1055 1112 τούτοιν
1074 1049 1251 1130 ἀνιαρότερον
1269 1051 1321 1127 γε’-

222 1182 307 1231 νοιτο,
340 1159 357 1232 ἢ
384 1166 477 1222 τεκεῖν
508 1159 562 1236 μὲν
589 1158 639 1221 καὶ
672 1157 792 1237 θρέψαι,
816 1182 843 1222 κ.
869 1182 897 1222 τ.
923 1159 944 1221 ἑ.
983 1161 1033 1222 10.
1060 1162 1120 1222 28:
1144 1161 1175 1224 τί
1196 1161 1256 1240 νόιρ
1282 1158 1319 1224 ἂν

222 1269 323 1332 τούτου
354 1267 532 1347 οὶνιαρότερον
563 1265 667 1342 γίνοιτ’
701 1269 798 1346 αύτῷ,
832 1267 848 1340 ἢ
872 1268 1004 1330 τεθνοίναι
1027 1269 1081 1344 μὲν
1105 1269 1160 1333 ὑπὸ
1182 1274 1239 1332 τῶν
1262 1272 1319 1349 ε’χ-

221 1379 305 1455 θρῶν,
329 1400 356 1441 κ.
381 1400 409 1441 τ.
434 1377 457 1441 ἑ.
504 1375 584 1438 Plat.
610 1375 686 1438 Crit.
711 1379 765 1439 44.
791 1375 845 1438 C.:
870 1377 914 1446 τίς
938 1375 974 1439 όιν
998 1379 1123 1456 αἰσχίων
1135 1377 1185 1462 ἰείη
1203 1379 1318 1453 ταύτης

220 1485 291 1561 δόξα
315 1487 331 1559 ἢ
354 1486 443 1548 δοκεῖν
470 1486 618 1565 χρηματα
645 1484 710 1564 περί
734 1486 863 1555 πλείονος
886 1487 1025 1549 ποιεῖσθαι
1051 1487 1067 1559 ἢ
1093 1487 1215 1565 φίλονςς
1239 1487 1316 1550 Eur.

221 1593 341 1657 Heracl.
374 1596 454 1657 297:
483 1599 534 1658 ούκ
563 1595 624 1658 ἔστι
651 1596 733 1658 τοῦδε
761 1594 846 1658 παισὶ
879 1594 998 1659 κοίλλιον
1028 1597 1134 1676 γέρας,
1164 1597 1316 1677 ἢπατρθς

220 1705 320 1766 ἐσθλοῦ
350 1705 483 1779 κοῖγαθοῦ
513 1703 687 1784 πεφυκέναι.
734 1702 886 1784 (Bromius
918 1703 956 1765 ad
987 1703 1018 1766 h.
1043 1703 1064 1766 l.
1089 1711 1120 1767 et
1142 1703 1250 1769 Herm.
1277 1705 1317 1767 ad

220 1810 313 1894 Soph.
346 1812 419 1874 Ant.
447 1814 530 1876 1077
561 1811 598 1874 de
626 1811 683 1874 hac
706 1812 936 1874 constructione
959 1812 1088 1875 laudant
1111 1812 1256 1877 Faesium
1282 1815 1315 1877 in

222 1918 352 1983 Seebodi
383 1920 471 1983 Misc.
504 1920 580 1984 erit.
606 1919 676 1984 Vol.
709 1919 761 1996 H,
793 1930 880 2003 parte
911 1919 967 1982 IV.
992 1943 1023 2004 p.
1051 1923 1066 1985 7
1096 1923 1124 1998 7,
1150 1944 1211 2004 quo
1235 1923 1316 1986 libro

222 2029 268 2090 uti
300 2028 375 2090 mihi
403 2050 464 2090 non
489 2029 599 2112 licuit).
647 2028 706 2092 Sed
730 2029 818 2092 nullo
843 2028 910 2092 loco
934 2029 1021 2091 iuxta
1043 2030 1145 2113 posita
1168 2038 1240 2095 sunt
1264 2032 1317 2094 de·

220 2138 454 2200 monstrativum
487 2144 517 2200 et
548 2139 582 2212 θ,
615 2137 668 2200 sed
699 2138 814 2220 ubique
844 2138 963 2213 τούτου,
995 2139 1107 2212 ταύτης
1131 2148 1317 2224 praeparant

222 2248 310 2329 quasi
341 2247 472 2310 alterum
503 2247 674 2311 membrum
698 2249 952 2330 comparationis,
978 2248 1061 2332 quod
1085 2247 1204 2331 aliquot
1227 2271 1317 2312 voca·

220 2356 301 2419 bulis
325 2357 506 2420 intermissis
531 2356 655 2420 demum
679 2357 826 2438 sequitur.
867 2357 936 2420 Hoc
959 2358 1027 2420 loco
1043 2358 1149 2421 τούτων
1165 2362 1234 2442 (pro
1251 2380 1316 2442 quo

219 2471 377 2548 praeterea
400 2472 556 2547 exspectes
580 2464 693 2547 τούτου)
718 2464 858 2529 abundet
882 2472 913 2527 et
937 2463 1143 2528 omittendum
1167 2473 1222 2529 est.

263 2576 355 2657 §tlh
402 2573 451 2636 καί
482 2575 513 2636 ού
543 2573 675 2653 πρότερον
699 2573 865 2637 ἐπαύσαντο
890 2576 1161 2656 (συκοφαντοῦντες)
1185 2571 1237 2645 ἕως
1261 2576 1316 2648 την

218 2684 272 2760 μὲν
296 2683 379 2747 πόλιν
401 2684 441 2752 είς
464 2682 583 2753 στοίσεις
607 2682 656 2745 καί
680 2684 737 2753 τοῖς
759 2682 909 2759 μεγίστας
933 2684 1019 2764 (num
1042 2707 1089 2748 στ.
1113 2708 1142 2748 τ.
1167 2707 1201 2759 μ.
1225 2682 1311 2766 sall)

218 2793 372 2873 σνμφορόις
403 2793 603 2872 κατέστησαν,
636 2791 717 2855 αὐτοὶ
748 2791 828 2855 δ’ἐκ
852 2793 981 2866 πενητων
1008 2791 1136 2855 πλούσιοι
1162 2792 1312 2873 ἐγένοντο,

218 2902 300 2978 ὑμεῖς
323 2899 346 2962 δ’
369 2898 440 2964 ούτιο
463 2900 615 2975 διετέθητε.
663 2899 713 2962 Sic
742 2900 1017 2984 distinguendum,
1051 2907 1086 2963 ut
1110 2900 1202 2963 etiam
1225 2899 1313 2975 ὑμεῖς

217 3007 240 3072 δ’
271 3006 343 3072 ούτοι
373 3008 515 3083 διετέθητε
547 3008 584 3072 ab
615 3007 665 3080 ἕως
697 3008 870 3092 pendeant3
895 3031 958 3072 nou
982 3009 1063 3072 enim
1087 3006 1241 3091 quomodo
1265 3008 1315 3071 in-

216 3119 305 3181 terim
337 3117 437 3180 affecti
468 3118 599 3181 fuissent
630 3117 854 3194 Athenienses,
888 3119 942 3182 sed
973 3139 1035 3201 quo
1067 3118 1192 3181 tandem
1216 3138 1314 3200 opera

216 3226 346 3288 istorum
377 3224 493 3287 redacti
524 3232 642 3302 essent,
675 3226 708 3287 in
740 3225 939 3307 sequentibus
963 3225 1120 3289 describit.
1155 3225 1232 3295 Τοὺς
1256 3224 1313 3300 μὲν

218 3333 288 3416 (νούρ
319 3332 389 3395 fort.
421 3332 506 3417 add.)
529 3334 699 3415 Φεύγοντος
722 3332 936 3409 κατεδέξασθε,
960 3329 1027 3405 τοὺς
1051 3334 1076 3397 δ’
1099 3333 1223 3410 οῖτίμονς
1247 3334 1312 3395 ε’πι-

216 3443 317 3519 τίμονς
345 3442 515 3515 ἐποιήσατε,
546 3449 606 3512 τοῖς
634 3441 784 3513 δ’ἄλλοις
817 3443 880 3522 περὶ
912 3442 1043 3519 ὁμονοίας
1067 3439 1161 3522 όρκονς
1186 3441 1311 3516 ύμνντε.

216 3551 330 3634 Agitur
352 3550 418 3626 his,
441 3557 476 3612 ut
491 3557 573 3612 recte
589 3549 781 3613 demonstrat
796 3549 1056 3627 Rauchenstein.,
1074 3549 1112 3612 de
1128 3548 1311 3612 condicione

215 3659 423 3735 Athenarum,
448 3657 547 3742 qualis
572 3665 636 3722 erat
659 3659 691 3721 in
715 3657 893 3736 obsidione,
919 3667 990 3722 ante
1014 3658 1143 3741 triginta
1161 3657 1243 3720 viros
1264 3657 1311 3720 in·

214 3769 350 3830 stitutos.
394 3766 442 3829 Ol.
473 3766 552 3830 Xon.
578 3767 662 3830 Hell.
688 3767 789 3831 Ina.
817 3771 875 3844 11,
901 3767 982 3830 And.
1011 3770 1038 3830 1.
1066 3770 1117 3830 73.
1160 3766 1207 3829 Eo
1230 3786 1311 3828 rece-

214 3877 261 3940 dit
289 3875 395 3959 Lysias
427 3875 464 3939 ab
488 3875 554 3951 his,
579 3876 667 3957 quod
687 3876 807 3940 exsules
831 3877 990 3939 restitutos
1015 3883 1081 3939 tum
1105 3876 1199 3951 dicit,
1225 3873 1310 3955 quod

214 3984 383 4049 secundum
407 3983 644 4067 Xenophontem
668 3984 712 4048 II.
737 3988 766 4048 2.
785 3987 826 4047 23
845 3991 875 4047 et
891 3983 1083 4047 Andocidem
1098 3986 1115 4068 d
1132 3986 1173 4046 80
1190 3982 1308 4045 factum

213 4094 335 4157 demum
370 4101 416 4156 est
450 4115 468 4155 a
499 4092 674 4176 Lysandro;
715 4094 768 4157 sed
799 4094 956 4157 decretum
992 4093 1117 4177 quidem
1154 4089 1306 4155 eiusmodi

213 4203 328 4268 factum
357 4223 440 4278 esse,
465 4200 516 4265 cui
540 4208 642 4266 tamen
666 4203 704 4267 ab
728 4203 884 4266 exsulibus
908 4199 1097 4286 (oligarchis)
1113 4223 1176 4264 non
1192 4200 1307 4263 obtem-
