2850 5024
609 386 673 446 223

96 591 198 646 orator
216 590 374 666 postquam
399 582 544 666 Ergocles
568 581 670 644 iussus
688 589 767 644 esset
783 603 906 644 causam
927 581 1057 646 Athenis
1074 582 1189 660 dicere,

98 701 132 756 ut
163 693 280 755 scilicet
312 694 409 756 minas
442 699 472 755 et
499 692 669 755 calumnias
693 692 806 755 civium
830 699 1024 755 contemnere
1047 700 1188 776 possent,

98 804 231 888 pertinet
260 803 297 864 ad
317 809 422 887 prima
447 802 651 888 expeditionis
675 802 772 879 facta3
797 802 835 865 el.
860 802 940 865 Xen.
965 802 986 865 l.
1012 802 1032 864 l.
1057 803 1190 885 (brevius

98 913 255 976 Diodorus
282 915 332 974 14.
358 915 430 994 94);
455 920 486 975 et
504 912 563 975 sihi
582 933 745 995 occupasse
764 911 991 996 Thrasybulum
1009 912 1191 995 Byzantium

99 1045 162 1086 non
193 1029 240 1085 est
269 1021 445 1106 probabile,
478 1022 504 1084 si
532 1021 670 1085 conferes
694 1021 909 1105 Xenophontis
934 1022 1114 1086 relationem
1139 1022 1192 1104 qui

98 1130 297 1211 μετέστησεν,
328 1133 448 1216 inquit,
480 1131 513 1209 ἐξ
542 1135 721 1212 ὀλιγαρχίαις
745 1134 785 1203 εἰς
803 1133 837 1197 τὸ
860 1133 1099 1212 δημοκρατεῖσθαι
1126 1132 1192 1202 τοὺς

98 1243 288 1323 Βυζαντίους,
308 1240 375 1306 ὥστ’
397 1244 448 1306 οὐκ
467 1242 607 1321 οὶχίεινῶς
627 1243 698 1322 ἓιίρα
718 1243 731 1305 o‘
750 1248 806 1306 τῶν
825 1242 986 1322 Βυζαντίων
1005 1242 1093 1320 δῆμος
1112 1244 1195 1317 Ἀθη·

99 1354 193 1424 ναίους
224 1350 267 1417 ὅτι
303 1352 458 1422 πλείστους
483 1351 630 1431 παρόντας
654 1352 682 1415 ἐν
705 1361 742 1432 τῇ
766 1351 849 1416 τίλει
873 1353 900 1436 (ᾧ
924 1354 995 1434 27);
1020 1359 1087 1415 tum
1111 1353 1193 1435 quod

99 1463 214 1526 dicitur
237 1460 385 1544 Ergocles
409 1461 548 1522 civitates
571 1459 743 1543 prodidisse
759 1460 869 1544 (πόλεις
888 1461 1077 1546 τροδεδωκοίς)
1097 1462 1194 1525 eidem

99 1572 304 1658 exaggerandi
335 1571 439 1634 studio
469 1570 626 1646 adserib03
651 1571 730 1634 nihil
753 1571 881 1634 fortasse
908 1572 1077 1648 commisit,
1103 1594 1193 1655 quam

99 1685 182 1769 quod
214 1685 246 1746 in
278 1691 415 1765 tempore
450 1680 540 1742 sociis
572 1679 701 1743 urbibus
730 1701 793 1742 non
817 1680 1003 1744 subvenerit.
1051 1681 1194 1745 Ceterum

101 1794 223 1878 Ergocli
243 1793 357 1855 crimen
377 1790 503 1873 aliquod
524 1789 654 1874 capitale
674 1789 758 1853 velut
778 1791 939 1875 peculatus
957 1791 1024 1854 iure
1041 1791 1195 1856 obiectum

99 1906 194 1967 fuisse
218 1903 287 1986 quis
311 1901 425 1964 infitias
450 1901 494 1963 ire
518 1899 653 1963 audeat?
696 1900 868 1964 Damnatus
890 1908 936 1965 est
955 1902 1081 1985 utique3
1102 1902 1195 1965 duces

100 2022 203 2078 autem
227 2012 306 2075 male
330 2017 519 2073 sustentatos
543 2010 719 2075 domesticis
744 2012 855 2095 opibus
880 2011 1011 2076 subinde
1036 2034 1123 2095 aegre
1147 2020 1197 2075 tu·

100 2127 189 2203 lisse,
214 2124 240 2186 si
265 2143 282 2184 a
304 2121 418 2204 populo
442 2121 759 2204 reprehenderentur,
783 2131 814 2186 et
842 2145 904 2187 non
933 2145 1052 2207 semper
1077 2124 1193 2188 civibus

100 2237 153 2322 qui
177 2234 261 2298 domi
284 2240 372 2295 erant
389 2230 571 2313 obsequium
588 2231 775 2315 praestitisse
794 2232 922 2295 historia
936 2240 1109 2317 temporum
1125 2233 1195 2296 sub·

99 2353 273 2410 secutorum
305 2342 378 2404 satis
410 2341 515 2418 docet;
547 2341 662 2406 malum
694 2342 731 2405 ab
764 2343 812 2405 his
838 2344 934 2407 initiis
958 2344 1128 2428 profectum
1152 2346 1196 2408 ita

99 2455 209 2519 deinde
232 2459 405 2538 grassatum
430 2460 493 2530 est,
519 2461 556 2516 ut
578 2453 694 2516 Chares
711 2462 742 2516 et
757 2453 959 2519 Charidemus
976 2458 1067 2520 etiam
1084 2457 1193 2520 exteris

99 2564 273 2629 civitatibus
298 2583 420 2646 operam
445 2584 533 2625 suam
557 2561 704 2626 locarent.

47 2735 50 2739 .
145 2674 284 2758 Ergoclis
315 2672 442 2735 crimina
470 2669 559 2754 plura
589 2681 867 2737 commemorantur
895 2675 1074 2759 peculatus,
1099 2677 1195 2738 socio-

100 2808 170 2848 rum
200 2783 337 2859 vexati0,
370 2783 564 2845 contumacia
593 2805 666 2866 erga
688 2786 903 2869 magistratm,
929 2787 966 2850 cf.
989 2788 1006 2870 b
1032 2789 1066 2863 l,
1092 2790 1129 2863 3,
1157 2788 1218 2863 5,

104 2897 162 2971 ll,
197 2894 247 2956 17.
296 2893 399 2955 Etiam
437 2893 527 2970 δήμου
563 2897 755 2968 καταλύσεως
791 2897 905 2960 crimen
937 2898 964 2960 ei
987 2897 1195 2961 obiiciendum

101 3027 165 3068 esse
197 3004 333 3067 evincere
365 3010 495 3066 conatur
525 3011 628 3067 orator
659 3007 676 3089 t
710 3008 767 3067 ll:
792 3003 871 3077 ὅστις
894 3007 922 3069 ἕν
942 3005 1070 3089 τοσαύτη
1092 3009 1198 3090 aeota

100 3119 155 3178 τῶν
187 3114 331 3191 ὑμετέροιν
362 3113 549 3192 τραρμσίτων
579 3113 596 3187 a
624 3113 722 3186 πόλεις
746 3115 910 3195 τροδιδνισιν
932 3115 948 3190 ἢ
967 3119 1115 3195 χρήματα
1133 3118 1199 3182 κλέ-

100 3247 183 3287 ττειν
203 3222 220 3296 ἢ
244 3222 399 3301 δωροδοκεῖν
423 3220 513 3298 ἀξιοῖ,
540 3219 620 3294 οὗτος
643 3225 692 3287 καί
716 3225 757 3287 τοὶ
780 3225 868 3304 τείχη
892 3225 941 3289 καί
965 3226 1021 3297 τὰς
1044 3233 1114 3300 ναῦς
1138 3236 1196 3302 τοῖς

100 3332 248 3408 πολεμίοις
280 3332 426 3412 τροδιδυσι
456 3333 505 3396 καὶ
537 3334 765 3413 ὀλιγαρχίαν
796 3337 833 3399 ἐκ
864 3337 1109 3417 δημοκρατίας
1141 3363 1199 3403 κα-

100 3442 281 3517 θίστησιν,
306 3441 344 3504 de
368 3441 481 3526 quibus
506 3442 650 3506 omnibus
675 3465 729 3527 per
752 3444 945 3523 είςαχχελίαν
966 3449 1024 3530 (διὰ
1040 3450 1092 3522 την
1104 3450 1198 3529 τροίην

103 3551 260 3625 ἐκκλησίαν
283 3553 299 3634 ᾧ
323 3554 355 3634 9)
379 3553 490 3635 agitur.
538 3551 646 3616 Oratio
672 3562 719 3616 est
743 3577 810 3618 vere
833 3555 978 3640 Lysiaca,
1003 3567 1039 3620 ut
1055 3558 1198 3623 dictionis

104 3659 275 3744 proprietas
307 3661 421 3744 optime
451 3662 551 3726 docet.
598 3661 671 3726 Non
703 3686 721 3726 a
751 3664 844 3749 Lysia
867 3666 1011 3731 abhorret
1034 3669 1198 3753 hyperbole

106 3770 124 3853 t
150 3771 166 3830 1,
192 3767 259 3834 ὥστ’
282 3772 333 3835 οὐκ
355 3769 392 3835 ι’ίν
413 3797 462 3849 μοι
482 3773 559 3838 δοκεῖ
575 3774 712 3840 δύνασθαι
730 3773 891 3856 Ἐργοκλῆς
911 3778 980 3859 ὑτὲρ
997 3779 1055 3851 ἑνὸς
1075 3779 1198 3844 ἕκοίστου

106 3884 161 3942 τῶν
188 3879 404 3956 πεπραγμένων
436 3883 516 3962 αὐτῷ
547 3882 692 3956 τολλοίκις
722 3887 871 3951 οίτοίανὼν
893 3887 988 3951 δοῦναι
1011 3889 1089 3963 δίκην
1111 3888 1199 3964 οίξίαν

57 4017 59 4022 ·
106 3988 146 4066 τῷ
178 3987 303 4067 ὑμετέρῳ
335 3990 455 4067 satta,
483 3991 521 4055 cf.
549 3994 603 4055 12.
626 3995 666 4058 37
678 4019 687 4070 ς
712 3996 847 4059 sectione
876 3999 894 4058 2
919 3997 1096 4079 ὀργίζεσθαι,
1120 4023 1198 4064 scoe-

106 4119 175 4160 νυνι
198 4119 231 4160 se
252 4101 380 4162 tottam
400 4103 566 4183 praebere,
589 4103 627 4166 cf.
652 4104 690 4166 ad
715 4107 767 4167 26.
796 4108 853 4182 14,
883 4109 900 4191 b
926 4110 943 4168 5
968 4105 1068 4181 ἄλλως
1092 4135 1126 4174 τε
1148 4111 1200 4175 καί

106 4207 198 4269 initio
229 4209 396 4272 sententiae
428 4211 580 4293 positum,
613 4214 650 4275 cs.
676 4214 713 4276 ad
740 4218 791 4278 19.
819 4218 876 4293 13,
904 4239 932 4300 p.
961 4220 1022 4280 138
1029 4244 1038 4295 3
1068 4222 1085 4304 b
1110 4221 1128 4280 6
1152 4219 1198 4285 ίνα

106 4317 197 4380 initio
228 4317 361 4382 directae
392 4322 556 4385 orationis:
588 4320 622 4387 lh'
650 4329 744 4390 αὐτῶν
771 4327 914 4411 ἐκκίψης,
938 4327 1014 4411 ἔφη,
1039 4330 1096 4401 τοὶς
1118 4353 1199 4393 συκο-
