2850 5024
821 403 863 462 34

296 600 349 663 ubi
381 623 416 664 ex
449 600 588 684 apposito
618 600 750 681 φεύγετε
774 602 865 665 etiam
889 602 953 665 sine
977 603 1111 686 genitivo
1136 605 1287 668 sententia
1311 605 1388 668 satis

297 720 342 774 est
366 712 535 796 perspicua.
582 710 667 790 Quid
692 712 716 774 si
740 712 858 775 litterae
878 713 996 796 aliquot
1011 715 1204 794 exciderunt,
1222 724 1257 779 ut
1272 716 1386 779 lectum

297 824 369 886 olim
397 823 490 886 fuerit
521 824 624 887 ἄποθεν
659 823 756 895 creir?
798 824 991 888 Encidissent
1022 827 1064 889 sic
1088 825 1181 904 ἄτοθ;
1206 850 1267 911 qno
1291 826 1387 890 modo

297 935 452 1018 corruptio
484 935 604 997 facilius
626 935 832 1019 intellegitur,
865 959 956 1019 quam
980 938 1005 1000 si
1030 946 1147 1001 statuas
1169 939 1304 1011 οὲτοοτιέο
1329 949 1386 1003 aut

296 1046 423 1124 οἶτοδροές
447 1046 519 1108 olim
543 1046 654 1108 lectum
679 1046 782 1110 fuisse.
819 1046 899 1110 Nam
923 1048 954 1110 in
979 1047 1132 1124 Palatino,
1158 1052 1208 1113 cui
1228 1051 1307 1114 libro
1324 1052 1384 1113 soli

297 1156 406 1241 Lysiae
436 1159 588 1220 orationes
620 1158 781 1235 debemus,
813 1159 991 1222 omissiones
1022 1167 1094 1223 sunt
1127 1161 1292 1225 admodum
1327 1162 1386 1225 fre-

296 1277 434 1353 quentes.

339 1381 487 1445 Nondum
515 1405 551 1444 cx
576 1380 699 1464 proeliis
723 1381 888 1445 evadimus.
936 1380 1017 1445 Nam
1041 1383 1146 1447 induci
1171 1405 1232 1447 non
1257 1407 1385 1469 possum

201 1482 204 1486 ⁴
295 1500 331 1555 ut
353 1491 475 1577 Lysiam
499 1493 530 1555 in
555 1492 611 1554 hac
635 1493 788 1569 oratione,
812 1494 844 1555 in
868 1516 929 1576 qua
953 1493 1096 1578 pleraque
1120 1502 1193 1558 sunt
1208 1501 1307 1572 tersa,
1325 1495 1387 1559 ele·

295 1605 413 1687 gantia,
443 1603 519 1666 bene
543 1602 703 1679 meditata,
727 1603 829 1666 minus
853 1603 1008 1668 evidenter
1030 1606 1046 1689 d
1073 1607 1111 1668 18
1136 1628 1272 1690 pugnam
1296 1628 1387 1669 enar-

295 1716 407 1778 ravissc
432 1723 554 1800 putem,
579 1715 611 1777 in
635 1736 696 1797 qna
720 1737 838 1777 summa
860 1715 905 1777 rei
929 1723 1074 1780 versetur.
1114 1715 1276 1801 Leguntur
1291 1716 1383 1782 haec:

295 1825 400 1906 μάχης
430 1827 459 1891 δὲ
488 1827 659 1905 γενομένης,
692 1821 712 1889 ὦ
741 1826 852 1908 βουλή,
884 1827 933 1891 nal
964 1834 1015 1892 τοῦ
1047 1828 1193 1908 μειροικίου
1217 1829 1385 1907 βοέλλοντος

295 1940 399 2009 οιύτοὺς
434 1938 491 2002 acl
523 1937 599 2016 napi
631 1945 690 2002 τοῦ
721 1939 887 2014 οώμοιτος
917 1940 1138 2016 οὶμυνομένου
1164 1940 1225 2004 nal
1248 1941 1385 2005 τούτων

295 2051 391 2126 ἡμᾶς
414 2050 641 2130 βαλλόντων,
666 2049 718 2114 ἔτι
742 2038 1004 2114 δὲ’τυττόντυν
1028 2050 1138 2114 οιύτὸν
1158 2050 1222 2114 tart
1243 2060 1305 2126 τῆς
1325 2051 1385 2128 μέ-

294 2161 353 2233 θης
376 2161 436 2224 κυνὶ
460 2163 545 2237 ε’μοῖι
568 2160 792 2238 οὲμυνομένου
815 2160 864 2223 κιο)
887 2168 942 2224 τῶν
966 2162 1207 2240 τοιροιγενιμένυν
1222 2161 1384 2232 ὠςνῖδικου-

293 2271 386 2346 μένοις
410 2275 478 2348 ἡμῖν
501 2269 639 2335 οὶτοέντιον
663 2270 896 2350 ἐπικουρούντων,
921 2272 1064 2352 ἐντούτῳ
1088 2274 1128 2352 τῷ
1147 2272 1254 2352 θορύβῳ
1273 2298 1384 2354 συντρι-

293 2381 407 2459 βέμεθιι
438 2381 493 2453 τὰς
517 2384 655 2464 nathaniae
679 2381 819 2453 ι’έτοιντες.
867 2381 926 2444 Res
950 2383 1051 2466 agitur
1074 2383 1106 2445 in
1130 2383 1271 2467 publico;
1296 2382 1381 2446 Simo

294 2516 363 2556 cum
394 2493 483 2555 sociis
511 2494 542 2556 vi
569 2493 761 2556 Theodotum
786 2493 939 2576 capientes
964 2493 1083 2556 obviam
1107 2494 1186 2557 finnt
1209 2494 1379 2572 defensori,

294 2605 348 2688 qui
378 2604 456 2667 hanc
487 2605 629 2667 iniuriam
652 2626 715 2666 non
738 2604 836 2666 ferens
859 2603 1020 2688 prehendit
1045 2604 1286 2683 adolescentem3
1309 2613 1380 2669 tum

292 2717 355 2794 illi,
387 2717 445 2779 hoc
476 2716 513 2779 de
544 2715 685 2778 manibus
716 2715 826 2791 misso,
853 2714 1012 2778 verberant
1035 2716 1279 2799 aggredientem:
1304 2718 1382 2798 ἀφέ-

292 2851 369 2905 μενοι
400 2828 428 2892 ab
458 2832 508 2891 τοῦ
539 2826 684 2890 νεηνίσκου
715 2824 837 2889 έτνττον
860 2827 923 2902 ε’μέ,
971 2825 1048 2889 Cum
1072 2827 1130 2891 hoc
1154 2834 1272 2912 pugnat
1295 2828 1380 2911 quod

290 2939 357 3002 loco
381 2939 418 3003 de
442 2961 503 3022 quo
527 2938 645 3022 agimus
669 2937 799 3021 legitur,
825 2937 878 3000 ubi
902 2937 1097 3016 Theodotus,
1123 2961 1211 3022 quem
1232 2941 1382 3004 miserant

291 3050 373 3114 Simo
397 3051 524 3132 eiusque
548 3049 681 3126 sodales,
707 3049 820 3111 dicitur
843 3071 874 3111 se
898 3048 1072 3126 defendere,
1094 3050 1182 3133 quasi
1197 3051 1329 3136 impetus
1345 3051 1381 3114 in

291 3161 380 3224 illum
404 3162 473 3225 fiat:
497 3161 547 3225 nal
572 3160 634 3240 περὶ
662 3166 712 3224 τοῦ
728 3159 863 3236 σώματος
879 3159 1067 3236 οὲμυνομένου.
1104 3159 1191 3239 Quae
1207 3167 1382 3255 sequuntur

290 3272 339 3335 acl
370 3273 589 3348 τούτων,ημο”ις
622 3268 793 3346 βοιλλόντων
817 3268 895 3332 nihil
919 3270 990 3332 novi
1014 3270 1172 3334 continent
1196 3279 1264 3355 post
1287 3270 1381 3335 verba

290 3381 344 3444 illa
371 3381 493 3446 ἔνυττον
517 3382 584 3459 ἐμέ,
609 3382 669 3445 nisi
695 3387 783 3465 putes
808 3380 915 3458 βοιλεῖν
939 3380 976 3443 de
1000 3381 1126 3444 vulnere
1150 3382 1269 3445 eminus
1292 3382 1381 3446 illato

292 3516 356 3557 esse
379 3493 639 3577 intellegendum,
665 3515 726 3576 qno
750 3515 797 3556 res
820 3492 905 3555 fieret
922 3492 1014 3555 etiam
1030 3492 1204 3571 obscurior,
1221 3516 1291 3557 nam
1308 3515 1381 3556 reus

292 3626 400 3667 manus
424 3605 586 3668 conseruit.
635 3602 779 3666 Narratio
804 3602 846 3664 sic
868 3609 950 3666 recte
974 3602 1165 3686 procederet:
1189 3604 1330 3683 alchiacum
1350 3604 1382 3668 δὲ

291 3721 342 3780 τοῦ
364 3716 509 3780 νεηνίσκου
532 3715 654 3780 ἔνυττον
677 3713 739 3790 ἐμέ.
775 3711 891 3792 Μέλης
915 3713 944 3776 δέ
966 3713 1137 3791 γενομένης,
1157 3707 1177 3776 ὦ
1198 3713 1309 3790 βουλή,
1326 3714 1380 3778 nal

291 3831 342 3890 τοῦ
365 3826 511 3906 μειροιιιίου
534 3825 696 3902 βοέλλοντος
720 3823 825 3893 αὐτοὺς
851 3823 889 3906 (is
913 3822 1023 3886 missus
1047 3823 1084 3886 ab
1101 3823 1279 3887 adversariis
1294 3847 1381 3889 nunc

292 3939 410 4002 eminus
442 3960 493 4001 eos
524 3938 679 4014 vulnerat,
705 3936 742 3999 cf.
767 3938 783 4020 t
807 3937 878 4019 28),
903 3935 951 4000 κοι)
976 3938 1060 4012 ἐμοῦ
1084 3935 1145 4015 περὶ
1168 3941 1219 4000 τοῦ
1242 3934 1380 4012 σώματος

291 4048 469 4127 ἀμυνομένου
502 4048 655 4132 (nimirum
687 4047 752 4132 ipse
784 4052 921 4130 arreptus
949 4048 1043 4128 erat),
1068 4045 1116 4110 κοιὶ
1139 4050 1195 4110 τῶν
1218 4069 1382 4126 τυροιγενο-

291 4161 381 4237 μένυν
413 4186 440 4225 κ.
468 4185 497 4225 τ.
521 4161 545 4224 ἑ.
603 4157 734 4241 Reliqua
764 4162 817 4219 aut
847 4155 926 4219 nihil
958 4156 1115 4241 prodesse,
1148 4163 1202 4220 aut
1231 4146 1380 4240 impedire

290 4292 413 4334 cursum
436 4269 619 4334 narrationis
643 4267 805 4331 contendo.
853 4264 1000 4345 Quaesita
1028 4265 1168 4329 consulto
1192 4266 1379 4330 obscuritate

289 4381 394 4444 fucum
418 4379 609 4444 auditoribus
633 4378 730 4442 facere
758 4376 890 4439 voluisse
914 4384 1064 4440 oratorem
1087 4399 1149 4440 non
1173 4377 1281 4456 credo,
1298 4376 1379 4440 illud
