2850 5024
680 354 740 412 196

161 545 344 626 χρημάτωνΡ
389 547 512 623 Ταμίαν
536 547 676 610 norimus
700 569 817 622 uuum,
835 547 972 626 σιρισσάς
989 547 1092 630 plures
1102 593 1111 622 ,
1129 545 1185 608 sed
1202 546 1254 629 qui

160 655 340 739 colligerent
363 656 523 738 pecuniam
547 655 720 738 publicam,
745 678 807 719 non
832 658 885 739 qui
908 653 1106 720 custodirent
1125 661 1180 716 aut
1197 653 1256 716 dis-

161 773 331 849 pensarent.
378 764 524 847 Sequitur
546 768 569 829 ci
593 774 648 829 τῶν
671 767 842 831 άδικούντων
866 769 1028 839 κολασταί,
1056 763 1140 847 quod
1163 763 1209 825 ita
1223 763 1255 826 in

161 877 337 939 universum
369 873 499 949 dicitur,
533 881 569 937 ut
599 896 750 937 summam
783 874 820 938 de
852 876 936 937 omni
960 874 1071 936 scelere
1094 871 1255 935 iudicandi

161 991 342 1068 potestatem
373 981 533 1064 complecti
566 981 717 1057 videatur,
751 982 832 1064 quod
863 984 941 1046 nulli
974 983 1028 1044 uni
1060 981 1255 1065 magistratui

161 1093 223 1154 sive
252 1091 379 1173 collegio
410 1090 515 1153 datum
549 1091 616 1153 luit.
664 1091 705 1152 Et
736 1114 774 1154 ne
798 1090 835 1154 de
860 1092 989 1174 collegio
1014 1090 1256 1172 magistratuum

161 1202 276 1284 cogites
306 1199 464 1283 prohibet,
499 1199 581 1280 quod
605 1200 637 1261 in
661 1200 798 1261 oratione
823 1200 944 1283 saepius
968 1220 1072 1261 omnes
1096 1197 1135 1262 de
1162 1198 1255 1261 simili

161 1331 253 1371 causa
283 1309 314 1370 in
346 1307 494 1371 iudicium
526 1310 624 1371 vocati
656 1331 721 1371 esse
750 1308 905 1371 dicuntur.
953 1308 1127 1390 Collegium
1151 1313 1254 1370 totum

162 1440 223 1481 non
246 1419 279 1480 in
301 1418 350 1481 ius
374 1424 517 1493 vocatur,
542 1418 625 1501 quod
649 1418 674 1480 si
698 1407 751 1480 vel¹
769 1419 916 1494 maxime,
937 1419 972 1478 fit
991 1418 1022 1478 in
1043 1415 1174 1485 εύύύναις
1191 1437 1256 1477 mu-

161 1549 231 1589 nere
255 1527 394 1609 deposito
400 1552 409 1602 ;
433 1547 497 1588 non
520 1531 620 1609 potest
643 1524 689 1588 bis
713 1526 792 1600 fieri,
818 1527 904 1588 novis
928 1546 1046 1608 semper
1068 1523 1256 1606 magistrati·

163 1635 221 1698 bus
245 1634 489 1697 succedentibus.
538 1633 622 1696 Haec
646 1635 689 1696 sic
713 1633 844 1696 scribere
867 1633 973 1696 nullus
997 1640 1099 1695 orator
1123 1631 1256 1693 Athenis

162 1744 273 1826 potuit.
320 1742 378 1805 Sed
408 1743 491 1805 facili
519 1741 653 1804 remedio
681 1765 728 1804 res
752 1743 784 1804 in
807 1743 962 1824 integrum
986 1741 1108 1803 restitui
1135 1748 1256 1824 potest3

164 1854 324 1915 omittatur
346 1855 408 1932 ὑφ’,
432 1860 468 1914 ut
491 1851 612 1935 legatur
634 1853 770 1933 φύλακες
795 1854 872 1927 ὑμῶν
891 1850 1096 1919 καταστάντες
1118 1851 1257 1914 καὶτῶν

163 1960 331 2025 ἀδικούντων
354 1960 514 2031 κολασταί,
539 1966 593 2042 qui
612 1968 707 2023 vestri
728 1965 761 2042 (ι’.
785 1984 808 2024 e.
832 1964 976 2042 evitate)
1001 1962 1137 2024 custodes
1155 1964 1260 2023 exorti

162 2077 232 2134 suot
262 2077 291 2133 et
318 2073 518 2150 maleficorum
549 2073 699 2151 υνάύύσεο,
732 2071 785 2151 qui
809 2070 967 2152 magnifice
990 2069 1200 2153 promiserunt
1226 2089 1258 2129 se

165 2178 245 2241 cives
268 2187 458 2256 servaturos,
483 2179 635 2243 maleficos
659 2203 677 2242 a
699 2178 785 2242 vobis
808 2179 1024 2263 prohibituros.

205 2289 222 2371 d
245 2290 274 2349 5.
321 2288 413 2351 καίτοι
437 2287 512 2351 τοῦθ’
535 2287 667 2360 άταντες
691 2290 850 2352 ἕτύστασύε
862 2337 870 2370 ,
897 2287 939 2352 ὅτι
962 2290 1019 2366 οὐχ
1042 2283 1112 2350 ύταν
1131 2286 1199 2356 τοὺς
1215 2287 1259 2361 μὴ

165 2396 335 2472 δυναμένους
359 2395 457 2472 λέγειν
479 2397 640 2477 κολάζητε,
665 2398 727 2461 τότ’
750 2398 835 2461 ἔσται
859 2395 1100 2475 παράδειγμα
1123 2400 1185 2458 τοῦ
1209 2397 1259 2471 μὴ

162 2507 256 2581 ὑμᾶς
278 2505 422 2569 άδικεῖν.
458 2504 543 2569 Haec
566 2514 718 2589 postrema
741 2505 767 2566 si
790 2505 850 2567 alio
873 2505 942 2567 loco
959 2503 1145 2586 legerentur,
1163 2524 1259 2564 unus-

163 2615 310 2697 quisque,
342 2613 467 2695 opinor,
496 2613 703 2696 intellegeret:
728 2618 896 2696 coeemplum
918 2619 1035 2675 vestroe
1063 2615 1258 2674 innocentiae.

161 2720 269 2783 Nexus
299 2721 389 2784 docet
419 2722 583 2804 significari
613 2722 784 2805 exemplum
808 2722 1000 2804 propositum
1022 2742 1061 2782 ne
1085 2741 1140 2781 vos
1164 2718 1259 2782 aude-

162 2837 214 2893 ant
245 2831 358 2893 iniuria
389 2831 515 2894 afficere.
563 2832 658 2916 Saepe
681 2833 852 2895 infinitivus
876 2854 946 2895 cum
970 2830 1104 2913 genitivo
1129 2829 1257 2891 articuli

161 2939 286 3002 iunctus
309 2941 436 3022 ponitur
459 2963 514 3024 pro
538 2939 584 3005 ἵνα
607 2964 676 3005 cum
693 2942 905 3016 coniunctim,
923 2940 1053 3003 maxime
1070 2937 1153 3022 apud
1169 2937 1257 2999 Thu-

162 3047 318 3131 cydidem,
343 3050 432 3112 cuius
456 3072 531 3113 usus
555 3051 654 3114 multa
678 3051 815 3135 exempla
838 3050 924 3114 affert
947 3049 1081 3132 Kriiger.
1106 3045 1144 3108 ad
1166 3044 1194 3107 I.
1216 3048 1255 3107 4:

160 3159 258 3228 Μίνως
281 3158 315 3222 τὸ
344 3158 479 3237 λκστικδν
510 3159 622 3240 καθῄρει
653 3157 771 3242 (Cobet.
804 3157 953 3239 ε’κάύκρεν,
986 3157 1038 3220 cui
1065 3176 1128 3218 non
1152 3175 1256 3216 assen-

160 3266 231 3349 tior)
262 3266 294 3329 ἕκ
325 3274 377 3338 τῆς
411 3267 562 3342 ύαλάσσκς
589 3274 639 3332 τοῦ
668 3269 724 3339 τάς
752 3267 898 3348 προςύδους
926 3271 1043 3344 μάλλον
1068 3263 1139 3329 ἱέναι
1163 3264 1255 3343 αὐτῷ.

161 3373 250 3436 Dem.
275 3376 327 3436 24.
355 3376 411 3436 33:
443 3375 530 3440 ε’δύκει
561 3378 620 3456 γάρ
643 3376 691 3440 τδν
714 3374 870 3456 ἔμπροσθεν
892 3375 992 3455 χρόνον
1015 3375 1046 3437 ού
1069 3370 1159 3453 Φύσει
1183 3368 1256 3434 άλλ’

161 3481 355 3557 ἐπιβουλεύων
373 3488 423 3546 τού
444 3486 628 3557 πιστευθῆναι
649 3484 753 3555 δίκαιος
777 3483 938 3561 γενονέναι.
985 3481 1127 3544 Dobreus
1150 3479 1185 3544 τύ
1210 3502 1257 3543 re·

161 3589 250 3672 ponit
281 3596 311 3652 ct
341 3590 391 3653 hlc
422 3598 452 3653 et
478 3593 507 3653 8.
539 3593 595 3655 17:
619 3591 698 3672 ᾤμην
721 3591 780 3670 γάρ
803 3590 941 3660 άσύύετος
970 3591 1037 3667 ὑμῖν
1067 3583 1138 3652 εἶναι
1165 3587 1256 3667 Φίλος

162 3703 211 3762 τοῦ
242 3698 329 3773 μηδὲν
358 3699 480 3763 οἰκοῦσαι
504 3700 607 3775 κακύν,
632 3721 693 3782 quo
717 3700 784 3762 loco
809 3699 946 3769 άτύύετος
967 3696 1151 3783 prohibendi
1174 3717 1257 3758 com·

162 3807 308 3891 plectitur
332 3808 594 3890 significationem.
642 3806 701 3870 Sed
725 3814 795 3891 post
819 3805 1030 3886 παράδειγμα,
1056 3803 1139 3887 quod
1163 3802 1256 3887 plane

164 3916 315 3979 verbalem
341 3914 483 4000 deposuit
506 3917 775 4000 significationem,
799 3916 869 3978 talis
893 3915 1081 3978 constructio
1104 3912 1174 3975 ferri
1190 3933 1254 3976 non

162 4033 273 4109 potest.
321 4027 422 4090 Multo
446 4027 555 4090 melius
577 4028 610 4089 in
633 4024 840 4089 Nicomachea
864 4026 941 4108 (30).
968 4026 1009 4086 24
1034 4044 1126 4105 quam
1146 4028 1254 4084 nostro

68 4168 72 4176 ·
162 4135 229 4199 loco
253 4136 366 4219 legitur
389 4135 581 4214 παράδειγμα
604 4141 663 4205 τοῖς
687 4132 788 4204 άλλοις
812 4133 895 4198 ἔσται
919 4133 961 4208 μὴ
984 4135 1099 4207 τολμάν
1116 4132 1156 4201 εἷς
1172 4131 1254 4206 ὑμᾶς

163 4243 390 4324 ἐξαμαρτάνειν,
416 4245 469 4308 ubi
492 4251 523 4306 et
546 4243 630 4306 deest
653 4242 707 4305 illa
730 4241 931 4326 ambiguitas,
956 4262 1034 4322 quae
1058 4247 1162 4303 nostro
1183 4237 1253 4300 loco
