2850 5024
684 378 723 438 74

163 563 233 644 οέροι
256 572 376 647 utatur;
401 578 520 638 tantum
544 575 569 638 si
593 576 662 660 quis
686 599 775 661 quem
796 577 877 641 dieat
892 576 1058 658 ἀνδροφόνον
1073 577 1246 642 calumniae

164 678 268 741 teneri.
316 682 393 758 Ἐγὼ
423 683 448 748 δ’
478 679 559 762 οἷμοιι
585 687 642 751 δεῖν
668 688 764 772 ὑμᾶς,
788 685 808 752 ὦ
830 688 927 770 ἄνδρες
950 690 1103 766 traxerat,
1127 693 1158 755 οὐ
1181 689 1246 770 περὶ

162 793 217 851 τῶν
236 791 381 867 ῖνομοέτων
397 795 595 878 διοιφέρεοέκι,
617 802 701 865 aare
723 810 776 875 τῆς
799 803 906 867 τούτων
927 803 1089 886 (sententia
1104 800 1248 887 postulat

163 904 218 964 τῶν
246 903 345 968 θέντων
368 928 408 970 se.
432 909 481 972 rba
504 909 586 988 νόμον
609 918 663 974 aut
685 912 783 976 simile
804 911 897 996 quid3
923 914 1054 998 epitome
1076 920 1132 978 τοῖν
1154 913 1248 994 ἔργων

163 1010 180 1093 b
215 1014 233 1074 3
258 1020 364 1079 eontra
386 1022 576 1105 sententiam)
607 1021 746 1100 διοινοῖοις,
771 1024 821 1088 aa}
844 1024 960 1097 οιοέννοις
983 1025 1083 1090 sidiam
1106 1025 1166 1100 dra,
1187 1020 1249 1089 ὅσοι

165 1122 357 1205 [οῖιιεκτένοισῖ
377 1154 476 1216 τινος,
495 1133 545 1198 eei
567 1134 726 1221 ἀνδροφόνοι
749 1141 804 1200 τοῖν
827 1139 921 1202 aerea
943 1138 1014 1212 εἰσι,
1038 1144 1087 1201 axi
1111 1134 1183 1220 door]
1196 1138 1249 1200 οἰν-

129 1256 132 1261 ·
163 1232 285 1314 δροΦένοι
308 1239 378 1317 siri,
402 1244 450 1309 κοιὶ
474 1247 654 1313 oberrarem!
670 1273 758 1320 τινος.
782 1248 832 1312 Ita
848 1248 1024 1332 suppletum
1040 1270 1077 1311 ex
1091 1248 1249 1332 epitome,

163 1343 217 1408 sed
247 1370 282 1410 eo
312 1350 396 1416 loeus
427 1356 462 1419 fit
492 1358 635 1423 verbosus
665 1361 756 1425 nimis
787 1368 817 1424 et
845 1360 1025 1445 perplexus,
1050 1358 1133 1443 quod
1156 1357 1250 1443 plura

164 1458 347 1541 probantur,
372 1487 464 1548 quam
486 1490 607 1534 neeesse
630 1479 702 1536 erat.
749 1471 941 1557 Epitomator
964 1470 1001 1533 de
1025 1491 1082 1534 suo
1105 1468 1249 1533 eorrexit.

157 1567 248 1634 'Libri
278 1572 390 1640 habent
419 1574 461 1642 dri
491 1576 546 1644 door
575 1581 734 1664 ἀνδροφόνοι
764 1584 834 1649 riri.
867 1582 916 1646 κοιῖ
942 1582 1124 1647 οῖοιεκτόνοιοῖ
1144 1600 1248 1662 τινος,

162 1679 244 1746 unde
265 1684 428 1770 legendum
450 1687 491 1755 ὅτι
514 1693 581 1766 aar,
605 1693 660 1758 ῖοοι
680 1695 859 1759 οῖιιεκτένωοέ
877 1717 971 1770 τινος,
989 1691 1149 1773 ἀνδροφόνοι
1162 1691 1248 1756 εἰσίν.

162 1791 263 1865 Verba
285 1799 334 1868 aa)
359 1807 390 1867 et
411 1803 590 1870 οῖοιεκτένοισῖ
611 1830 692 1878 τινος
716 1829 734 1870 a
756 1806 825 1870 loeo
848 1828 903 1869 suo
927 1804 1117 1869 aberrarunt.

206 1915 223 2000 b
245 1917 275 1979 9.
320 1915 359 1981 Εἴ
386 1916 429 1987 τίς
460 1919 487 1981 e'
514 1915 584 1982 εἴποι
607 1920 689 1998 ῥῖψοιι
713 1917 917 2005 rhadoaldo,
941 1919 969 1981 έν
993 1916 1022 1980 δέ
1043 1918 1084 1996 τῷ
1107 1914 1183 1994 νόμῳ
1205 1913 1248 1979 εἴ·

163 2023 246 2107 paro,
278 2027 328 2093 εὀέν
356 2052 401 2099 τις
433 2029 535 2112 Φοέσκρ
564 2030 820 2112 ἀποβεβληκέναι,
854 2029 984 2093 mataxa
1013 2024 1101 2110 εἶναι,
1133 2029 1184 2090 οὐκ
1211 2025 1253 2090 ἂν

165 2137 292 2220 ἐδικάζου
314 2142 406 2221 αὐτῷ,
428 2144 498 2205 ἀλλ’
519 2139 627 2222 ἐξήρκει
650 2139 686 2205 νῖν
707 2165 749 2206 σοι
769 2139 908 2223 ε’ῥριφένοιι
928 2143 979 2215 τὴν
997 2140 1111 2204 derbe
1129 2137 1251 2215 λέγοντι
1310 2225 1312 2228 Ι

163 2248 240 2312 οὐδέν
262 2274 305 2315 σοι
321 2249 422 2327 μέλει·
446 2250 582 2332 οὐδὲγὰρ
601 2252 635 2316 τὸ
652 2251 725 2317 οιὺτέ
744 2254 805 2316 εὀτι
824 2254 907 2331 ῥῖψαι
926 2252 977 2315 rai
995 2248 1252 2329 ἀποβεβληκέναι.

164 2359 236 2425 Non
258 2369 339 2427 reete
361 2362 491 2441 dieitur,
515 2361 623 2442 ἐξήρκει
643 2363 783 2445 έρριφένοιι
804 2365 857 2438 τὴν
878 2364 1000 2428 dealba.
1047 2362 1094 2426 De
1110 2382 1145 2426 eo
1162 2358 1251 2446 quod

164 2473 232 2556 quis
256 2475 306 2537 vix
328 2473 485 2538 tolerabile
509 2473 562 2538 sed
584 2482 687 2538 temen
710 2474 766 2538 sibi
790 2474 959 2538 necessario
982 2472 1142 2537 ferendum
1156 2478 1254 2557 putat

164 2606 227 2648 non
257 2585 369 2649 dieitur
397 2584 540 2664 ἑξκρκεῖν,
572 2587 604 2650 iu
635 2609 695 2670 quo
724 2586 814 2652 verbo
838 2609 955 2672 semper
979 2586 1131 2671 cogitatur
1154 2583 1193 2648 de
1216 2606 1253 2648 re

166 2697 231 2761 eiiu-
253 2720 416 2762 numerere
442 2699 566 2776 maiori,
598 2720 675 2784 qnae
707 2700 774 2784 quis
805 2699 914 2764 habere
937 2699 1025 2763 malit
1048 2705 1101 2762 aut
1123 2696 1256 2761 meliora

167 2802 275 2888 ddeat;
300 2810 427 2896 proinde
449 2812 480 2874 in
504 2834 537 2874 re
558 2811 639 2874 mala
660 2833 721 2876 non
745 2812 868 2876 dieitur.
903 2811 1013 2896 Neque
1028 2811 1166 2897 ε’ῤῥιφένριι
1181 2831 1256 2873 oum

165 2922 281 2999 λέγοντι
305 2923 448 3007 coniungi
470 2929 580 3007 potest.
616 2922 723 3007 Itaque
744 2946 813 2988 eum
833 2923 954 2988 Dobreo
970 2923 1079 2987 abiioio
1094 2922 1145 3003 ῖῤῥ.
1162 2941 1190 2985 τ.
1203 2942 1253 2998 ιο.;

170 3032 222 3096 sed
245 3034 278 3097 in
301 3033 498 3117 sequentibus
521 3053 577 3118 pro
598 3033 713 3111 λέγοντι
737 3034 890 3098 substituo
912 3034 1010 3111 λέγειν
1028 3030 1084 3098 dri:
1101 3039 1160 3112 „tu
1177 3031 1256 3096 satis

169 3143 317 3222 „haberes
352 3143 451 3209 dicere
486 3145 565 3209 nihil
595 3153 650 3208 tua
679 3145 805 3222 referre,
838 3167 936 3229 neque
968 3145 1049 3209 enim
1078 3143 1160 3207 idem
1187 3163 1256 3206 esee

167 3257 352 3343 „proiecisse
378 3264 498 3319 scutum
527 3264 558 3319 et
580 3256 747 3320 omisisse.'’
793 3260 891 3337 Ἀρκεῖ
912 3255 963 3340 (de
985 3255 1076 3321 verbo
1099 3253 1258 3341 personali

168 3370 243 3448 οῖρκῶ
266 3389 349 3432 nuno
375 3389 438 3432 non
461 3367 597 3452 loquor),
622 3367 751 3447 ἕξοιρκεῖ,
774 3367 891 3449 ἀπέχρκ
915 3390 985 3431 eum
1008 3366 1168 3452 participio
1184 3366 1257 3430 loeo

168 3481 313 3545 infinitivi
341 3489 470 3566 possunt
500 3480 605 3565 iungi,
634 3464 678 3544 ita
703 3489 739 3545 ut
757 3502 798 3544 ex
821 3480 980 3565 participio
1004 3481 1044 3544 sit
1067 3477 1256 3542 eliciendum

169 3590 357 3669 subiectum,
376 3598 413 3656 ut
436 3592 594 3657 Demosth.
619 3595 672 3658 47.
698 3593 756 3656 52:
782 3592 831 3656 κοιὶ
854 3588 941 3657 τοῖιν)
965 3591 1079 3671 έχονοιν
1102 3592 1152 3677 οὐκ
1174 3587 1256 3669 ἐξήρ-

169 3696 254 3769 κεσεν
282 3706 380 3775 adroic
410 3727 519 3788 nempe
549 3704 633 3767 τοῦθ’
663 3702 685 3768 ὃν
715 3700 804 3784 εἶχον.
852 3702 942 3766 Hrdt.
974 3700 1048 3765 VII.
1076 3702 1156 3763 148:
1180 3700 1254 3763 ἀλλ’

169 3813 245 3889 ὅμως
265 3816 349 3897 σφίσι
372 3816 509 3895 οῖιιοχροῖν
533 3816 613 3879 κοινοῖ
635 3816 668 3880 τὸ
691 3814 779 3891 ἥμισυ
802 3813 996 3891 ἡγεομένοισι,
1021 3814 1095 3876 nim.
1118 3809 1257 3888 τὸέὶμισυ

169 3935 222 4000 τῆς
254 3928 360 4006 ἀρχῆς.
415 3926 536 4009 (Aeseh.
575 3927 682 4010 Agem.
718 3927 820 3990 1575:
853 3923 979 3989 nescirer
1009 3949 1043 3988 τε
1066 3922 1148 4000 μέρος
1169 3921 1259 3993 Barea

170 4039 277 4118 έχούορ
299 4041 372 4100 ποῖν
394 4036 512 4116 οῖοιόχρκ
536 4060 583 4113 μοι
606 4020 742 4100 omnium
764 4036 889 4100 minime
911 4036 973 4098 hue
995 4035 1149 4120 pertinet.)
1195 4031 1258 4096 Sed

172 4148 232 4210 tale
255 4147 330 4231 quid
354 4147 425 4211 huie
438 4149 515 4221 dooo
539 4147 676 4212 adhiberi
700 4144 761 4210 non
785 4140 909 4231 potest3v
924 4145 995 4208 ferri
1010 4146 1137 4215 fortasse
1153 4152 1260 4227 posset

147 4322 149 4325 ,
173 4258 281 4336 ἐξήρκει
303 4256 340 4321 νῖν
363 4282 404 4322 σοι
427 4261 478 4340 ἔρρ’,
501 4285 529 4324 τ.
553 4261 584 4323 οῖ.
608 4259 737 4323 οῖκούοντι
760 4259 798 4340 (si
821 4257 970 4334 dioerere;
995 4256 1050 4319 tali
1065 4254 1261 4319 absolutione

174 4393 253 4435 esses
277 4377 437 4435 contentus
461 4391 517 4433 nee
539 4370 693 4434 meliorem
717 4367 930 4453 desiderares),
955 4390 1016 4432 uon
1039 4369 1154 4448 λέγοντι
1177 4365 1258 4432 οὐδέν
