2850 5024
685 390 725 452 28

161 591 288 656 iunctivi
311 592 342 654 in
366 591 429 653 his:
455 591 503 654 κα1
528 587 603 661 ὅπως
626 590 679 667 μὲν
702 592 745 667 μὴ
769 592 897 672 ἀποθάνῃ
916 590 1084 668 ἠντεβόλει,
1101 611 1164 673 quo
1179 588 1248 651 loco

162 703 341 788 simpliciter
371 725 418 766 res
441 702 521 766 facta
544 712 796 766 commemoratur
820 709 849 766 et
873 702 1047 766 summatim
1071 700 1249 765 referuntur

153 839 239 900 .quae
264 822 352 879 antea
377 817 403 900 (b
426 817 479 899 25)
504 815 602 878 fusius
626 814 778 898 descripta
801 823 904 892 eraut;
930 814 1026 878 scribe
1049 812 1193 877 daedalon.

206 929 222 1012 p
246 929 299 989 32.
346 925 520 991 Secundum
552 927 833 1010 interpretationem
861 926 963 1011 legum
987 949 1004 988 a
1026 925 1118 1009 Lysia
1141 945 1251 1008 propo·

162 1038 251 1101 sitam
281 1037 396 1101 minore
428 1059 524 1121 poena
557 1036 743 1101 afficiebatur
771 1037 823 1120 qui
855 1037 989 1120 pervim
1014 1043 1142 1122 nuptam
1166 1034 1252 1098 femi·

161 1172 232 1213 nam
264 1155 471 1232 stupraverat,
504 1169 595 1230 quam
628 1148 681 1231 qui
705 1147 899 1232 persuasione
924 1147 961 1210 ad
986 1146 1108 1210 illicitos
1132 1167 1251 1208 amores

161 1261 239 1323 viam
272 1260 478 1343 quaesiverat3
511 1259 584 1321 huic
615 1281 712 1336 mors,
745 1259 790 1322 illi
821 1258 936 1322 mulcta
964 1281 1061 1344 poena
1090 1265 1171 1334 erat3
1196 1257 1253 1339 qui
1283 1346 1286 1350 λ

162 1372 258 1455 igitur
283 1370 411 1434 alicuius
435 1369 617 1433 libidinosae
640 1370 776 1433 mulieris
800 1370 958 1434 lenociniis
983 1393 1013 1433 se
1032 1369 1152 1433 facilem
1168 1391 1253 1453 prae·

163 1483 287 1560 buerat,
320 1480 442 1566 gravius
467 1480 631 1564 deliquisse
655 1481 831 1559 videbatur,
857 1505 949 1565 quam
973 1483 1026 1566 qui
1050 1480 1162 1566 probae
1185 1503 1253 1543 mu-

163 1594 230 1657 lieri
254 1595 315 1657 vim
337 1594 512 1657 intentarat.
550 1593 618 1656 Hoc
642 1594 684 1656 ita
709 1593 746 1657 ab
763 1593 916 1677 aequitate
932 1592 1062 1670 recedit,
1081 1598 1115 1655 ut
1130 1591 1253 1655 credam

163 1712 312 1769 oratorem
337 1727 450 1768 errasse
474 1711 527 1767 aut
551 1705 654 1789 potius
678 1704 828 1768 malitiose
851 1706 899 1768 ius
923 1705 1157 1788 interpretatum
1174 1725 1251 1766 esse.

164 1815 282 1901 Nempe
306 1824 342 1879 ut
366 1824 475 1900 augeat
500 1824 529 1880 et
552 1815 693 1880 intendat
716 1817 829 1881 crimen
846 1816 1074 1892 Eratosthenis,
1091 1813 1253 1878 ostendere

165 1934 309 2004 conatur,
333 1926 391 1990 hoc
415 1927 534 2012 legibus
567 1928 656 1990 etiam
688 1928 810 2012 gravius
834 1950 925 2011 quam
949 1935 1089 2012 stuprum
1113 1927 1254 2012 pervim

164 2039 358 2103 commissum
380 2038 520 2103 iudicari.
553 2038 612 2103 Res
638 2061 704 2103 vero
729 2039 772 2102 sio
796 2062 827 2102 se
851 2038 991 2102 habebat.
1025 2037 1135 2100 Mortis
1154 2060 1254 2121 poena

164 2173 226 2215 non
253 2149 384 2235 publice¹
407 2151 576 2214 constituta
605 2158 668 2214 erat
697 2151 764 2236 lege
787 2151 949 2215 Dracontis
973 2152 1024 2234 (τῷ
1047 2150 1122 2228 νόμῳ
1145 2149 1177 2212 ἐκ
1199 2157 1253 2222 τῆς

164 2263 274 2336 στήλας
297 2270 349 2336 τῆς
373 2260 405 2337 ἕξ
427 2262 534 2341 Ἀρείου
558 2263 657 2340 rayca
680 2265 697 2348 d
720 2265 792 2347 30),
817 2262 848 2327 id
872 2271 993 2326 tantum
1017 2261 1195 2338 cavebatur,
1212 2284 1253 2325 ne

165 2374 191 2437 si
221 2373 350 2437 maritus
382 2372 556 2438 adulterum
586 2375 803 2452 interfecisset,
836 2374 910 2438 haec
941 2375 1047 2439 caedes
1070 2372 1117 2436 illi
1141 2372 1253 2437 damno

165 2491 253 2549 esset.
302 2483 383 2547 Huic
406 2484 467 2569 legi
490 2485 568 2548 nihil
592 2485 797 2569 abrogabatur
817 2485 997 2563 altoreille,
1015 2481 1253 2570 quaeeratrrrpl

165 2595 254 2673 βίας;
278 2617 387 2680 nempe
411 2596 436 2658 si
460 2597 529 2680 quis
553 2596 709 2674 adultero,
734 2598 788 2681 qui
803 2598 864 2661 vim
881 2597 1088 2673 adhibuisset,
1106 2594 1255 2681 pepercis-

168 2714 231 2784 set,
256 2705 386 2770 dabatur
408 2706 455 2770 illi
479 2707 557 2770 actio
582 2707 619 2771 de
635 2708 664 2770 vi
679 2709 713 2771 in
728 2707 867 2792 duplum.
900 2707 959 2771 Sed
976 2715 1094 2784 orator,
1112 2728 1173 2789 quo
1190 2711 1254 2768 tur-

169 2816 238 2900 pius
261 2816 472 2881 Eratosthenis
488 2817 603 2882 factum
620 2818 774 2896 videatur,
793 2820 858 2890 τοὺς
875 2819 996 2899 curzule
1015 2828 1045 2882 et
1063 2819 1128 2888 τοὺς
1145 2817 1255 2894 βιασα-

168 2928 268 3006 μένους
291 2928 335 2992 ita
358 2927 537 3013 distinguit,
556 2937 591 2992 ut
607 2929 740 2994 diversas
757 2931 895 3015 utrisque
911 2931 993 3014 leges
1010 2931 1138 3015 scriptas
1155 2927 1252 3004 dicat,

169 3061 229 3123 quo
252 3039 360 3117 fiebat,
385 3047 421 3103 ut
444 3040 469 3102 si
493 3041 560 3125 quis
585 3049 741 3105 excusaret
764 3041 998 3106 Eratosthenem
1021 3041 1104 3125 quod
1128 3041 1158 3103 vi
1179 3062 1254 3104 usus

169 3173 230 3214 non
254 3158 349 3227 esset,
374 3150 456 3235 leges
480 3160 663 3237 opponeret,
689 3153 856 3218 secundum
874 3176 949 3238 quas
965 3160 1089 3237 propter
1104 3150 1136 3215 id
1152 3151 1255 3236 ipsum

169 3262 281 3327 maiore
313 3284 410 3346 poena
441 3261 550 3347 dignus
582 3263 745 3328 videretur.
769 3305 813 3314 —
840 3264 943 3329 Verba
973 3266 1023 3346 ἐφ’
1054 3259 1158 3344 αἷσπερ
1181 3263 1254 3326 απο-

170 3374 287 3438 ιιτείιειν
303 3372 412 3448 ἔξεστιν
429 3396 463 3436 ex
480 3373 547 3458 lege
562 3375 624 3452 περὶ
641 3375 712 3452 βίας
728 3376 823 3460 petita
839 3399 902 3440 esse
918 3399 978 3439 non
996 3381 1141 3460 possunt,
1155 3395 1255 3457 neque

170 3493 272 3548 tamen
295 3484 360 3547 sine
383 3484 575 3548 incommodo
599 3485 697 3550 deleri
701 3513 710 3565 ;
734 3487 772 3550 iis
796 3489 876 3552 enim
901 3488 1019 3551 omissis
1044 3483 1254 3568 (duodecada-

170 3595 248 3673 δρες,
279 3591 322 3659 ὅτι
346 3595 471 3678 κελεύει,
496 3595 546 3660 ἐάν
568 3621 624 3668 τις
637 3595 779 3678 ἄνθρωποι
802 3599 942 3679 ἐλεύθερον
966 3599 982 3672 ἢ
1006 3598 1105 3662 παῖδα
1129 3597 1257 3678 αἰσχύνῃ

170 3706 244 3789 βία,
268 3706 371 3781 διπλῆν
393 3708 444 3780 τὴν
467 3707 589 3785 βλαβὴν
613 3709 752 3792 ὀφείλειν,
777 3711 828 3774 ε’ὂιι
851 3710 879 3773 δὲ
902 3717 1045 3790 γυναῖκα,
1070 3711 1098 3773 ἐι
1121 3715 1179 3779 ταῖς
1205 3710 1256 3772 αὐ-

150 3815 229 3889 'refe
252 3814 415 3901 ἐνέχεσθαι)
438 3840 500 3882 non
524 3819 597 3882 satis
621 3841 729 3883 causae
753 3827 814 3898 est,
839 3844 893 3884 cur
916 3820 1045 3884 feminae
1065 3819 1191 3904 reliquis
1208 3842 1257 3882 ex-

171 3928 325 4013 cipiantur
332 3956 341 4006 ;
374 3930 485 3992 etenim
516 3931 541 3992 si
569 3938 697 4008 γυναῖκα
720 3932 803 3994 omni
827 3940 940 3997 careret
964 3931 1129 4008 attributo,
1147 3930 1256 3994 melius

171 4039 349 4122 iungeretur
369 4063 438 4104 cum
455 4041 662 4125 superioribus
678 4041 736 4104 hoc
756 4041 864 4105 modo:
885 4042 934 4107 {ab
953 4067 998 4113 τις
1018 4041 1159 4121 ἄνθρωπον
1177 4041 1258 4105 ἐλεύ-

172 4152 244 4228 θεροι
275 4151 291 4222 ἢ
324 4150 406 4216 παῖδ’
436 4151 452 4226 ἢ
476 4150 593 4228 γυναῖκ’
620 4154 706 4231 αἰσχ.
730 4153 763 4230 β.
787 4153 811 4217 δ,
836 4178 864 4219 τ.
889 4154 942 4231 βα.
967 4156 1016 4234 dt).
1064 4152 1172 4216 Potius
1202 4151 1258 4214 illa

173 4260 221 4343 ἐφ’
246 4257 350 4341 αἷσπερ
372 4264 478 4327 vincar.
499 4261 608 4336 ἔξεστιν
626 4262 663 4326 de
686 4285 742 4327 suo
766 4263 884 4327 addidit
900 4272 1001 4328 orator
1019 4271 1049 4327 et
1065 4263 1123 4327 hoc
1140 4261 1254 4326 voluit:

174 4374 199 4438 si
224 4374 291 4458 quis
314 4373 442 4437 feminas
465 4395 532 4451 eas,
557 4396 626 4437 cum
651 4374 762 4458 quibus
789 4376 821 4438 in
842 4375 992 4439 adulterio
1016 4374 1196 4461 deprehensi
1212 4399 1257 4440 ee-
