2850 5024
686 384 747 448 lat

173 585 220 650 Er
252 585 435 652 coniecturis
470 584 700 669 propositis-
727 581 817 657 ἔγνων
847 576 906 655 arip
937 574 1075 650 Scheib,
1100 573 1179 649 λέγω
1202 570 1262 648 yar

173 694 352 759 dubitanter
374 693 496 769 Raisk„
521 698 628 756 τοιοῦτο
652 690 753 769 νομίζω
776 689 832 752 δεῖν
856 687 904 750 nal
927 691 1011 749 τοῦτο
1032 689 1068 764 φ.
1085 681 1185 764 Tayl„
1202 681 1260 756 ἐγὼ

171 802 231 882 γὰρ
264 806 314 883 ὁρῶ
346 801 459 887 Saupp.
493 840 535 850 -
565 800 711 864 facillima
747 797 839 860 simul
854 850 856 855 .
870 803 901 859 et
930 793 1098 857 sententiae
1130 790 1260 853 maxime

173 913 399 976 accommodata
430 919 476 976 est
506 918 673 996 postrema:
699 909 756 984 ἐγὼ
780 908 839 984 γὰρ
863 909 932 986 ὁρῶ,
959 898 1259 967 aRauchensteinio

172 1021 305 1097 adscita5
338 1043 408 1084 nam
440 1022 519 1084 inter
547 1029 598 1084 ΑΡ
622 1026 653 1081 et
676 1027 711 1081 Ω
735 1017 836 1080 omitti
858 1014 994 1099 potuisse
1019 1020 1106 1076 ΟΡΩ
1130 1009 1259 1094 quisque

171 1129 262 1193 videt.
311 1127 477 1214 Sequentia
499 1137 606 1192 sanata
629 1136 734 1202 erunt,
763 1126 790 1188 si
812 1145 867 1209 pro
890 1123 985 1203 ζητεῖν
1008 1147 1036 1185 κ.
1061 1144 1089 1185 τ.
1113 1125 1149 1199 Φ.
1174 1139 1259 1202 repo·

169 1239 266 1302 sueris
288 1237 383 1317 ζητεῖν
406 1243 489 1303 τοῦτο
513 1236 562 1301 nal
586 1242 775 1316 Φιλοσοφεῖν,
800 1234 832 1297 in
857 1255 950 1316 quam
974 1231 1182 1295 coniecturam
1198 1227 1257 1290 iam

169 1347 313 1411 incidisse
347 1347 435 1412 video
466 1347 654 1430 Angerium,
691 1367 709 1408 a
743 1344 962 1408 recentioribus
997 1339 1181 1425 neglectum.
1213 1374 1258 1385 -

169 1457 328 1536 Ῥμοτώνην
352 1464 501 1529 corrector
524 1457 635 1519 sumsit
660 1478 695 1520 ex
719 1458 736 1539 ξ
761 1458 819 1531 11,
845 1453 903 1517 sub
925 1453 976 1515 fin.

213 1567 305 1648 bil.
353 1563 432 1628 Cum
463 1565 604 1630 Scheibio
635 1566 714 1629 facio
746 1564 907 1628 omittente
937 1561 1026 1643 ῥᾴδιόν
1051 1562 1112 1623 ἐστι
1135 1559 1254 1634 μαθεῖν,

168 1675 185 1754 p
211 1674 249 1734 la
274 1676 386 1737 οιωτοῖν
409 1671 445 1737 ἄν
469 1674 620 1738 scribente
643 1697 699 1758 pro
722 1678 834 1739 τοωτοῖν
858 1681 889 1737 et
910 1672 972 1748 εἰμι’
995 1692 1050 1755 pro
1067 1669 1125 1742 εἴην
1141 1669 1175 1731 in
1190 1667 1254 1728 his:

168 1780 277 1847 ἄτοπόν
307 1785 384 1846 ε’στνν
414 1779 435 1846 ὦ
462 1783 573 1860 βουλή,
605 1790 772 1849 τοῦτον-
800 1780 843 1847 ὅτε
870 1783 917 1846 ἐντὶ
945 1783 1010 1852 τοὺς
1033 1780 1188 1861 ᾐτημένους
1212 1773 1258 1838 ἴτ-

168 1913 238 1962 τονς
260 1891 428 1967 οῖνοοβοοίνω,
453 1894 604 1970 τεοροῖοθοω
625 1893 728 1956 araldus
745 1893 823 1967 ὑμοῖς
839 1895 875 1962 ὡς
891 1889 1010 1960 δυνοοτός
1026 1891 1094 1965 εῖμν.
1120 1887 1257 1950 Cobetus

168 1999 217 2062 his
240 1999 315 2062 locis
340 2000 496 2084 antiquam
519 2002 648 2064 retinuit
670 2001 843 2064 lectionem.

211 2110 227 2191 p
251 2111 302 2171 13.
350 2111 392 2189 (τί
423 2108 537 2191 κωλύει)
565 2110 644 2186 ὑμεῖς
667 2112 738 2183 ἐμοῦ
761 2111 815 2186 μὲν
837 2108 1000 2189 οῖφελὲοθοον
1024 2106 1255 2183 vivificaberis

167 2217 358 2296 ὑγιαίνοντος,
391 2216 482 2295 τούτῳ
513 2217 542 2279 δὲ
572 2217 760 2295 ψηφίσασθαι
792 2217 909 2287 asiarco
939 2219 976 2287 ὡς
1003 2216 1159 2294 οὶνοωτηρῳ,
1183 2213 1257 2277 Non

167 2327 233 2390 sine
263 2347 354 2388 causa
385 2324 514 2389 offendit
542 2328 574 2388 in
606 2327 722 2397 τοέντως
746 2328 847 2391 nescio
872 2329 956 2410 quis,
983 2327 1036 2408 qni
1058 2332 1161 2389 tamen
1184 2325 1256 2387 satis

167 2435 269 2518 inepte
292 2435 378 2498 πέντε
402 2434 563 2518 adscripsit
586 2436 620 2496 in
642 2436 780 2519 margine
804 2435 984 2519 exemplaris
1009 2435 1152 2497 editionis
1173 2433 1257 2497 Reis-

166 2543 292 2618 kianae,
325 2542 409 2624 quod
440 2544 541 2605 estin
565 2542 752 2607 bibliotheca
776 2543 983 2627 Groningana.
1032 2541 1091 2605 Sed
1115 2542 1153 2605 of.
1178 2544 1194 2625 p
1215 2545 1254 2604 19

167 2659 197 2713 et
221 2652 273 2714 27.

209 2762 226 2843 b
250 2763 301 2821 14.
347 2762 431 2825 aare
455 2761 514 2839 γοὶρ
537 2760 594 2824 ota’
617 2764 699 2834 ὑμεῖς
722 2764 814 2843 τούτῳ
832 2766 884 2836 την
903 2765 995 2836 ωὐτην
1016 2763 1104 2842 ἔχετε
1121 2763 1253 2838 γνώμην,

164 2869 219 2934 οὔθ’
242 2866 323 2959 οὗτος
347 2865 380 2933 εὖ
402 2875 496 2934 πονῶν.
543 2869 737 2934 Coniecturis
761 2894 779 2934 a
801 2871 943 2936 Scheibio
960 2872 1143 2936 enumeratis
1160 2871 1255 2941 addas

164 2977 221 3042 οὔθ’
245 2975 325 3049 οὗτος
348 2980 459 3059 ἑωυτῷ,
485 2979 612 3062 Kayser.
637 2980 750 3044 Philol.
775 2981 840 3059 XI,
858 3004 888 3065 p.
908 2983 980 3045 161.
1006 2983 1056 3045 Ad
1072 2982 1255 3045 sententiam

164 3093 263 3161 recte,
288 3087 406 3171 opinor.
454 3086 513 3151 Sed
537 3110 572 3152 ea
595 3110 657 3152 non
680 3095 818 3153 mutatur
840 3092 952 3155 omisso
976 3093 1088 3174 ἑωυτῷ,
1114 3090 1197 3172 quod
1219 3112 1256 3153 ex

165 3195 316 3277 superiori
337 3195 428 3276 τούτῳ
452 3198 637 3280 cogitatione
661 3198 836 3282 suppletur:
861 3222 940 3277 „nec
962 3200 1021 3264 sibi
1043 3201 1109 3284 ipse
1131 3223 1256 3265 consen·

165 3305 219 3381 tit,
245 3311 275 3366 et
297 3311 379 3368 recte
402 3306 502 3370 hercle
513 3307 541 3369 !’'
587 3307 668 3371 Nam
692 3309 728 3400 si
741 3309 799 3372 sibi
822 3311 887 3394 ipse
911 3318 1078 3388 constaret,
1095 3309 1254 3374 fatendum

165 3420 244 3476 esset
273 3413 321 3478 illi
349 3438 382 3479 se
404 3417 506 3500 ipsum
530 3440 593 3481 esse
617 3418 771 3482 claudum.
819 3419 970 3483 Convenit
992 3420 1050 3484 hoc
1073 3442 1143 3482 cum
1168 3441 1255 3504 argu-

164 3524 322 3587 mentandi
352 3527 470 3590 ratione
496 3529 529 3590 in
552 3528 779 3611 superioribus:
804 3529 852 3593 κνοῖ
877 3533 955 3606 ὑμοῖς
978 3531 1048 3606 ἐμοῦ
1072 3531 1125 3606 μὲν
1146 3530 1255 3608 ὤφελέ-

165 3636 230 3697 σθοον
253 3635 301 3698 τὸν
324 3635 425 3711 ὀβολὸν
447 3638 483 3707 οῖς
507 3636 697 3712 ὑγιαίνοντος,
721 3638 835 3718 τούτῳ
858 3639 892 3702 δὲ
914 3640 1148 3719 ψηφίσασθαι
1173 3639 1255 3703 τοῖν·

163 3766 229 3813 τως
263 3745 304 3813 ὣς
338 3745 525 3823 οῖνοοτηρω,
559 3745 585 3806 si
616 3767 689 3829 ego,
722 3747 840 3832 inquit,
865 3749 909 3810 ita
933 3748 1076 3825 affectus,
1101 3771 1162 3812 non
1187 3771 1255 3811 sum

165 3851 308 3929 claudus,
333 3852 400 3928 hic,
426 3854 479 3936 qui
502 3854 655 3918 contraria
677 3856 795 3944 ratipne
819 3866 865 3920 est
888 3857 1029 3935 affectus,
1054 3858 1182 3922 claudus
1199 3867 1253 3922 est.

164 3961 203 4024 [ιι
224 3963 420 4046 sequentibus
444 3970 547 4027 autem
571 3965 686 4029 omittit
710 3966 788 4029 hanc
812 3968 1010 4043 sententiam
1033 3983 1104 4031 nam
1123 3990 1177 4052 per
1195 3967 1254 4047 γοῖρ

162 4073 335 4136 annectitur
365 4074 585 4138 demonstratio
614 4076 737 4141 illorum
760 4077 816 4141 οὔθ’
840 4080 922 4155 ὑμεῖς
946 4079 1038 4158 τούτῳ
1061 4116 1106 4126 -
1128 4079 1254 4156 γνώμην.

161 4180 208 4244 Of.
241 4181 279 4244 ad
312 4185 362 4246 12.
392 4187 445 4247 41.
469 4223 514 4232 -
546 4185 716 4250 Muellerus
740 4188 772 4251 in
796 4187 909 4251 Philol.
935 4187 1010 4251 XII.
1038 4192 1100 4253 106
1126 4190 1255 4253 coniecit

162 4289 217 4355 οὔθ’
242 4289 320 4363 οὗτος
346 4295 430 4375 ὑμῖν,
454 4297 467 4358 ὁ
493 4295 545 4371 μὲν
568 4297 628 4376 γὰρ
651 4293 684 4360 εὖ
707 4302 790 4362 ποιεῖν
813 4297 923 4380 ὥσπερ,
948 4323 977 4364 κ.
1001 4324 1029 4364 τ.
1055 4301 1077 4364 ἑ.
