2850 5024
701 347 765 406 206

184 544 277 626 paulo
302 551 370 626 post
392 541 570 605 Piraeenses
594 542 670 605 urbe
693 549 853 625 receptos,
882 563 977 624 quum
999 550 1128 606 netum
1153 543 1281 626 quidem

183 652 264 734 leges
288 650 445 713 ordinatae
469 657 588 726 essent,
613 656 748 713 etvetus
769 650 955 734 reipublicae
971 651 1067 714 forma
1083 653 1279 716 restituenda

182 767 278 834 esset,
310 759 427 843 placuit
458 766 543 822 extra
570 759 707 822 ordinem
742 759 936 822 nomothetas
968 782 1086 837 creare,
1111 762 1168 844 qui
1192 762 1276 845 leges

181 868 301 932 Solonis
325 875 356 931 et
380 868 542 931 Dracontis
558 867 757 931 rescriberent
774 879 805 931 et
821 868 944 951 publice
960 877 1177 952 proponerent.
1203 869 1276 949 Quo

179 980 212 1042 in
244 999 371 1040 numero
401 984 469 1039 tum
503 975 710 1041 Nicomachus
737 977 806 1040 fuit.
854 976 902 1041 Ne
926 1001 1008 1042 nunc
1032 979 1158 1062 quidem
1181 979 1275 1043 Nico

178 1087 312 1151 machus'
329 1086 571 1149 criminationem
587 1085 791 1168 subterfugit,
812 1107 907 1170 quum
924 1086 962 1149 ad
978 1108 1055 1171 opus
1069 1087 1271 1165 mandatum,

178 1196 261 1283 quod
285 1217 346 1259 uno
370 1217 473 1258 mense
496 1194 652 1258 absolvere
667 1196 836 1278 potuisset,
853 1203 987 1279 quatuor
1003 1218 1099 1259 annos
1114 1197 1175 1259 sibi
1191 1219 1272 1260 sum·

177 1308 283 1383 sisset,
315 1328 416 1389 neque
447 1305 570 1368 interim
601 1306 736 1368 muneris
760 1306 839 1389 gesti
862 1307 994 1369 rationes
1019 1306 1172 1381 dedisset,
1197 1327 1271 1388 qua·

175 1424 248 1480 tuor
278 1415 366 1479 annis
395 1420 466 1498 post
496 1414 668 1477 libertatem
699 1415 873 1477 rest'tutam
907 1414 1084 1492 (Ξςαγνελθα
1114 1416 1147 1478 in
1179 1415 1269 1478 illum

175 1526 368 1601 instituitur,
400 1522 482 1605 quod
514 1523 728 1605 magistratum
760 1544 822 1587 non
853 1524 885 1586 in
914 1530 1050 1607 tempore
1073 1524 1269 1608 deposuisset

175 1640 230 1700 nec
262 1635 393 1697 rationes
425 1631 569 1694 dedisset.
616 1631 664 1694 De
693 1631 748 1694 illa
777 1634 953 1713 εἰςαγγελθρ(
981 1634 1067 1716 prins
1098 1634 1130 1696 in
1155 1643 1265 1697 senatu

175 1743 343 1826 disceptata
365 1761 448 1803 nunc
472 1741 575 1823 agitur
597 1741 629 1802 in
653 1741 768 1804 iudicio
793 1741 1007 1818 helinstarum,
1031 1741 1070 1804 ad
1089 1741 1173 1824 quod
1190 1766 1207 1805 a
1223 1766 1267 1805 se-

173 1858 251 1916 natu
275 1873 368 1915 causa
390 1850 501 1913 reiecta
526 1857 599 1913 erat.

218 1960 304 2024 Haec
335 1961 396 2024 fere
425 1961 524 2042 capita
556 1981 664 2023 causae
696 1967 785 2037 sunt,
816 1982 892 2044 quae
923 1963 1149 2045 perspicuitatis
1174 1983 1267 2025 causa

173 2070 388 2154 praeponenda
421 2091 485 2133 esse
515 2069 709 2133 videbantur.
757 2071 878 2133 Accede
909 2071 948 2134 ad
971 2072 1102 2156 singula.
1148 2071 1266 2134 Bremii

173 2179 342 2255 sententia,
366 2179 420 2261 qni
444 2178 573 2262 putabat
597 2180 700 2242 omnia
723 2178 836 2243 delicta
859 2179 1040 2244 Nicomachi
1056 2182 1210 2264 pertinere
1225 2181 1265 2243 ad

172 2295 310 2372 tempora
333 2288 460 2371 triginta
482 2288 555 2351 viris
579 2289 737 2371 superiora
760 2288 850 2352 hodie
867 2299 949 2353 recte
965 2291 1088 2374 explosa
1104 2297 1159 2352 est.
1204 2288 1264 2352 Sed

170 2397 208 2460 de
240 2418 275 2459 eo
305 2397 479 2460 etiamnunc
511 2395 679 2480 ambigitur
705 2418 767 2480 quo
791 2399 915 2462 nomine
939 2407 969 2462 et
992 2400 1175 2462 anctoritate
1199 2420 1264 2461 mu·

170 2507 253 2570 nitus
277 2504 396 2589 legibus
417 2505 619 2569 rescribendis
636 2528 759 2589 operam
775 2507 909 2570 dederit,
939 2507 1133 2572 Hamakerus
1149 2512 1193 2591 (p.
1209 2510 1262 2591 77)

171 2636 189 2677 a
218 2613 352 2698 Bergkio
384 2617 466 2699 (post
497 2614 580 2677 And.
612 2614 779 2678 editionem
809 2614 927 2699 Schill.)
952 2617 1134 2681 dissentiens
1157 2638 1264 2681 nomo·

171 2723 274 2787 thetae
304 2746 418 2788 munus
450 2722 603 2786 diversum
636 2723 673 2786 ab
704 2724 868 2805 ἀναγραφῇ
892 2723 985 2786 inisse
1008 2731 1114 2809 putat,
1139 2734 1263 2790 utnon

171 2838 318 2916 tanquam
342 2832 520 2896 nomothcta
542 2831 625 2914 leges
649 2832 847 2914 rescripserit.
895 2831 967 2915 Ipse
991 2839 1093 2896 tamen
1116 2835 1186 2900 coll.
1209 2839 1261 2920 §2

170 2948 202 3003 et
232 2943 273 3002 28
303 2942 393 3005 fateri
416 2941 536 3025 cogitur
568 2940 736 3023 aliquando
767 2941 976 3004 nomothetam
1003 2943 1097 3006 fuisse
1119 2944 1264 3008 Nicoma·

168 3048 260 3112 chum
284 3051 325 3133 (p.
353 3052 419 3133 79).
467 3048 538 3128 Quo
561 3070 633 3112 vero
656 3055 793 3132 tempore
816 3050 1013 3114 nomothetae
1029 3073 1160 3130 munus,
1179 3055 1206 3117 si
1222 3055 1260 3119 ab

167 3159 331 3241 ἀναγραφῇ
354 3160 510 3223 diversum
533 3160 592 3236 sit,
618 3159 762 3242 gessisset
784 3158 908 3223 difficile
932 3159 1019 3224 dictu
1043 3169 1097 3228 est.
1145 3162 1261 3227 Orator

165 3269 183 3351 b
206 3269 266 3330 28:
298 3268 397 3345 ὑμεῖς,
433 3269 553 3351 inquit,
576 3268 741 3345 Τνσοομενὸν
765 3268 812 3332 τὸν
835 3269 1029 3348 Μηχανίωνος
1051 3273 1101 3335 καὶ
1124 3273 1260 3350 Nenene-

165 3399 221 3455 χον
251 3378 300 3441 καὶ
331 3377 440 3457 ἑτέρους
473 3379 633 3458 ἀνθρώπους
658 3379 916 3458 ὑπογραμματέας
939 3380 1102 3462 (νομοθέτας
1126 3378 1221 3446 eihand
1237 3385 1258 3465 ).

166 3484 342 3549 Andocides
374 3486 411 3549 dc
442 3486 537 3570 Myst.
568 3488 649 3570 §82
680 3486 773 3550 verba
796 3487 910 3550 faciens
934 3488 971 3550 de
994 3489 1050 3565 iis,
1074 3511 1152 3571 quac
1175 3490 1258 3554 facta

166 3600 267 3657 essent
286 3602 356 3679 post
379 3594 521 3679 expulsos
545 3595 691 3677 triginta,
716 3597 832 3672 ἐπειδή,
856 3597 975 3679 inquit,
999 3598 1109 3674 βουλήν
1131 3599 1159 3662 τ’
1183 3600 1258 3663 οἱπε-

55 3783 56 3787 ¹
164 3703 332 3782 κληρώσατε
358 3703 555 3781 νομοθέτας
583 3704 607 3768 θ’
626 3702 752 3768 εἵλεσθε·
775 3743 820 3754 -
842 3743 887 3754 -
910 3707 1112 3789 ἐψηφίσασθε,
1137 3707 1256 3782 docend-

163 3835 276 3882 νοντας
296 3811 413 3883 πάντας
431 3813 498 3884 τοὺς
522 3813 625 3890 νόμους
633 3862 642 3895 ,
666 3809 719 3877 εἶτ’
741 3814 961 3894 οἰναγροθψα(
985 3816 1014 3878 ἓν
1034 3825 1072 3896 τῇ
1095 3824 1168 3898 ττορῖ
1187 3818 1255 3881 τού·

162 3944 229 3991 τονς
265 3925 320 3983 τῶν
355 3918 446 3997 νθμων
480 3919 506 3985 οἳ
540 3921 575 3985 θον
606 3921 806 3998 δοκιμασθῶσι.
853 3922 902 3986 Ibi
934 3932 1035 4007 aperte
1065 3925 1254 3989 nomothetis

162 4031 326 4110 ἀναγραφή
351 4029 542 4093 adscribitur.
578 4030 724 4113 Sequitur
742 4031 763 4094 l.
781 4032 801 4095 l.
825 4033 1000 4115 psephisma
1020 4033 1103 4116 qnod
1120 4034 1254 4116 praefert

162 4136 316 4201 Tisameni
339 4159 467 4214 nomen,
492 4138 628 4201 eiusdem
652 4161 742 4221 quem
766 4139 874 4223 Lysias
897 4163 1044 4204 unacum
1061 4142 1251 4206 Nicomacho

160 4247 308 4309 nominat.
351 4245 390 4308 In
422 4268 483 4329 qno
515 4253 588 4310 sunt
610 4246 685 4311 haec
708 4248 816 4312 verba:
840 4247 900 4313 οἵδε
925 4249 1073 4331 (Schoem.
1099 4252 1136 4314 de
1160 4252 1248 4317 Gom.
