2850 5024
650 343 689 406 lo

120 544 196 608 mile
219 542 294 630 quid
309 541 421 607 accidit
435 542 467 605 in
483 540 796 619 vocabulolnpdrur,
814 543 851 605 cf.
866 540 903 604 ad
916 563 959 604 or.
974 543 1027 605 30.
1063 541 1121 605 Per
1137 541 1211 606 haec

122 680 160 720 ex
196 656 394 740 ambiguitate
429 653 588 717 verborum
627 653 723 736 petita
762 660 940 737 argumenta
976 652 1102 716 obscure
1138 653 1211 717 alibi

122 789 247 852 quoque
270 767 484 842 ratiocinatur,
510 766 636 843 vitium,
661 766 785 848 opinor,
809 766 841 828 in
865 765 922 828 lrao
938 765 1134 850 simplicitate
1150 787 1211 828 ma-

122 900 257 963 gnopere
280 878 458 942 cavendum.
505 877 554 939 Sic
578 878 611 940 in
635 878 772 939 oratione
794 880 862 941 κοτ’
885 877 1046 956 Ἀνοροὶτον
1070 879 1136 961 (13)
1160 877 1208 940 de·

121 989 356 1053 monstrandum
391 998 456 1052 erat
490 988 571 1068 adop
603 989 693 1068 τέχνν,
724 988 772 1052 nal
803 998 927 1069 μηχανῇ
957 989 1125 1073 Agoratum
1157 990 1211 1052 ἐτ’

122 1102 320 1181 αὐτοφώρῳ
349 1099 532 1184 prehensum
564 1120 646 1175 csse,
670 1099 754 1182 quod
778 1099 810 1161 ni
834 1103 934 1176 lieret,
959 1101 1016 1162 iste
1040 1097 1212 1164 absolveba-

121 1220 186 1275 tur.
222 1210 281 1274 Sed
305 1211 363 1274 hoc
387 1219 422 1273 ut
444 1210 591 1287 efficeret,
616 1231 677 1273 non
703 1216 822 1294 poterat
844 1232 907 1273 non
930 1212 991 1273 vim
1007 1211 1098 1274 verbo
1115 1212 1210 1274 facere

122 1330 156 1386 et
180 1321 317 1386 subdolis
341 1329 373 1384 et
395 1320 531 1383 obscuris
555 1321 601 1382 uti
624 1320 794 1383 rationibus
818 1322 846 1405 (d
870 1323 932 1404 86).
970 1321 1034 1384 Has
1058 1320 1211 1385 auditores

122 1441 263 1497 autnon
287 1430 472 1494 intellecturi
495 1438 581 1494 erant
603 1437 657 1493 aut
679 1453 740 1493 non
765 1430 932 1515 probaturi.
968 1429 1104 1496 Subinde
1120 1433 1210 1496 etiam

123 1544 216 1629 longe
246 1543 357 1627 repetit
388 1565 466 1626 quae
489 1541 699 1605 commendare
722 1565 826 1620 reum,
851 1551 905 1606 aut
927 1543 1048 1628 culpam
1073 1545 1138 1608 eius
1162 1567 1214 1607 au·

124 1678 196 1739 gere
230 1662 360 1739 possent.
409 1654 458 1716 Ita
481 1655 512 1717 in
537 1655 673 1717 oratione
696 1654 765 1719 νοντ’
788 1653 1006 1735 Ἐρατοσθένους
1029 1656 1046 1739 ᾧ
1070 1657 1110 1717 63
1135 1654 1212 1718 The·

124 1766 295 1841 mistocles,
321 1766 353 1827 in
377 1764 602 1828 undevicesima
625 1763 674 1848 (de
697 1765 785 1828 bouis
810 1766 1037 1850 Aristophanis)
1060 1767 1077 1850 p
1099 1769 1140 1827 24
1164 1766 1213 1829 lt-
1303 1751 1306 1758 ¹

124 1878 285 1952 motheus,
318 1878 350 1939 in
382 1877 533 1940 tricesima
564 1876 792 1959 (Nicomachea)
823 1880 839 1962 b
863 1881 904 1940 28
929 1877 1060 1942 Pericles
1085 1887 1114 1940 et
1137 1877 1214 1940 The·

124 1988 279 2051 mistocles
310 1988 384 2049 satis
415 1995 555 2051 contorte
587 2009 695 2051 causae
719 1988 938 2053 immiscentur.
985 1988 1097 2052 Putide
1120 1997 1213 2073 atque

124 2121 251 2182 operose
282 2099 314 2160 in
338 2099 475 2160 oratione
499 2098 536 2161 de
561 2097 652 2161 caede
676 2098 887 2162 Eratosthenis
911 2099 1008 2183 legem
1031 2101 1132 2163 minus
1156 2101 1213 2164 sibi

124 2209 278 2271 faventem
291 2208 519 2292 interpretando
532 2208 704 2272 subvertere
716 2216 853 2272 conatur.
871 2210 908 2273 In
918 2211 1071 2294 Agoratea
1081 2214 1098 2295 p
1107 2213 1158 2287 89,
1168 2234 1213 2294 sq.

125 2321 187 2383 hoc
218 2321 299 2402 agit,
332 2327 368 2382 ut
398 2319 446 2383 lex
475 2319 512 2382 de
534 2321 683 2402 ἀμνηστίᾳ
707 2321 784 2383 nibil
808 2321 846 2384 ad
871 2324 1039 2404 Agoratum
1065 2323 1213 2406 pertinere

127 2432 289 2507 videatur,
318 2432 383 2494 iuro
407 2430 553 2508 iurando,
579 2432 697 2515 inquit,
723 2455 754 2495 se
778 2432 1008 2497 obstrinxerunt
1030 2435 1053 2498 ol
1078 2436 1106 2498 ἐν
1130 2433 1213 2499 ἄστει

129 2565 201 2626 erga
230 2543 423 2619 Piraeenses;
456 2542 507 2605 sed
541 2565 596 2626 ego
619 2544 650 2606 in
675 2544 781 2608 Piraeo
805 2568 885 2609 eram
910 2553 941 2608 et
962 2546 1072 2629 reliqui
1095 2568 1215 2609 accusa·

127 2663 209 2717 tores
234 2662 265 2716 et
288 2655 442 2737 Agoratus
457 2655 522 2739 ipse
531 2681 540 2731 ;
558 2677 651 2740 quare
667 2655 754 2719 nullo
770 2656 911 2740 equidem
928 2664 1017 2742 pacto
1033 2658 1214 2720 constrictus

128 2788 207 2829 sum.
250 2765 364 2850 Ecquis
396 2767 470 2829 haec
500 2768 578 2830 serio
610 2767 793 2850 probaturus
817 2777 882 2831 erat
904 2776 970 2832 tum
995 2768 1214 2832 Atheniensis?

129 2881 175 2940 Ao
199 2876 267 2940 vide
290 2877 382 2940 etiam
406 2899 497 2962 quam
521 2886 659 2941 contorte
683 2886 775 2963 atque
799 2879 926 2942 obscure
950 2881 981 2942 in
1007 2881 1159 2962 prooemio
1177 2879 1215 2941 ad

128 2987 447 3077 duodecimamtdicat
470 2991 496 3072 (d
520 2991 561 3072 2).
586 2988 700 3052 Tacent
716 2990 784 3060 fere
807 2989 845 3053 de
868 2991 916 3052 his
937 2993 1136 3066 recentiores,
1150 2990 1216 3073 ,opi-

126 3122 201 3177 nor,
230 3098 314 3183 quod
337 3101 368 3162 in
393 3099 519 3183 reliquis
543 3123 666 3186 quoque
690 3102 862 3166 oratoribus
885 3103 959 3166 talia
982 3088 1112 3166 subinde
1134 3102 1216 3163 iuve-

128 3212 275 3287 niuntur,
299 3218 352 3275 aut
375 3211 505 3274 librariis
521 3212 591 3296 plus
607 3212 816 3297 imputabant,
834 3236 925 3296 quam
941 3213 1076 3277 decebat.
1101 3211 1216 3275 Verum

129 3323 178 3386 his
209 3322 267 3385 sub
296 3344 393 3385 unum
424 3330 621 3414 conspectum
651 3324 758 3408 positis
790 3324 965 3408 apparebit,
995 3325 1119 3408 opinor,
1153 3345 1215 3385 nou

130 3431 258 3517 proinde
290 3432 400 3497 horum
430 3434 582 3516 ignaviam
614 3456 678 3497 esse
709 3435 928 3513 accusandam,
961 3437 987 3498 si
1012 3435 1085 3520 quid
1112 3435 1215 3497 deesse

129 3543 286 3621 videatur5
312 3544 469 3628 apparebit
486 3545 575 3607 etiam
594 3544 796 3609 subtilitatem
812 3553 843 3608 et
858 3546 1040 3609 tenuitatem
1055 3543 1215 3629 Lysiacam

130 3678 148 3718 a
171 3655 285 3719 talibus
308 3655 433 3718 minime
456 3654 616 3719 abstinere.
641 3653 733 3734 Quod
757 3657 782 3718 si
799 3657 936 3739 quaeris,
954 3667 1104 3739 quatenus
1120 3656 1217 3740 possit

130 3766 253 3851 probari
284 3767 341 3829 hoc
365 3788 404 3829 au
428 3767 582 3843 excusari,
606 3789 669 3829 non
692 3766 801 3830 dubito
825 3767 965 3850 equidem
994 3776 1143 3846 statuere,
1169 3790 1217 3850 ge-

129 3900 190 3941 nus
219 3876 362 3940 iudiciale
396 3897 459 3940 non
494 3898 612 3962 semper
642 3877 801 3941 admittere
833 3878 917 3941 illam
948 3879 1129 3942 tenuitatem
1155 3879 1216 3940 sive

130 3987 373 4073 simplicitatem3
396 3987 455 4050 nisi
480 4010 550 4051 vero
580 4010 688 4052 causae
717 4011 821 4052 omues
847 4012 932 4052 verae
956 3990 1040 4052 etin
1064 3989 1176 4072 quibus
1200 4010 1217 4050 a

130 4099 275 4182 captiosis
298 4097 484 4182 argumentis
507 4097 659 4163 abstinere
682 4079 795 4183 possit,
820 4100 857 4163 ad
882 4123 1038 4163 causarum
1054 4109 1215 4185 patronum

131 4210 321 4272 deferuntur.
345 4207 437 4287 Quod
461 4230 556 4292 quum
580 4232 641 4273 non
664 4212 733 4288 fiat,
751 4204 917 4274 admodum
932 4211 1054 4276 difficile
1070 4220 1133 4289 est,
1151 4233 1217 4274 eam

130 4320 255 4384 candidi
278 4319 449 4402 sincerique
465 4327 496 4382 et
511 4321 608 4404 aperti
624 4320 755 4385 hominis
772 4344 949 4407 personam,
966 4346 1058 4408 quam
1074 4323 1111 4387 ab
1128 4324 1217 4386 initio
