2850 5024
670 277 732 337 182

162 494 222 535 non
261 469 424 554 prohibent
455 469 619 551 quominus
650 491 731 532 anno
762 493 824 534 uno
847 471 1005 535 duobusve
1029 477 1100 556 post
1124 471 1255 555 triginta

162 582 242 644 viros
267 578 465 661 compositam
489 585 644 660 putemus.

206 691 298 771 §33.
345 686 393 749 κοιί
425 685 547 760 δέξοιντ’
577 684 613 748 ι’ίν
646 688 755 768 (sermo
784 697 830 752 est
860 688 898 752 de
921 689 1124 771 delatoribus)
1147 690 1255 769 μικροὶν

162 795 232 864 είνοιι
263 797 315 869 τὴν
345 794 428 858 πόλιν
456 799 574 868 μᾶλλον
604 795 621 868 ἢ
653 795 686 858 δι’
717 794 825 867 ίιλλους
853 798 992 874 μεγοίλκν
1014 797 1063 860 κού
1087 797 1253 877 ἐλευύέροιν,

164 904 313 982 ἡγούμενοι
336 909 383 967 νῦν
406 904 459 979 μὲν
483 901 531 966 brol
553 905 619 974 τοὺς
641 905 723 987 [τῶν]
748 906 781 968 ἐκ
804 911 941 986 Πειρκιῶς
963 905 1132 990 [κινδύνους]
1153 906 1252 976 οιύτοῖς

161 1015 266 1091 ἐξεῖνοιι
286 1018 373 1075 ποιεῖν
396 1008 414 1074 ύ
432 1035 460 1075 τι
483 1010 520 1075 clv
543 1010 724 1088 βούλωνται,
748 1015 798 1077 lala
815 1012 845 1075 ’δ’
865 1012 979 1095 ύοτερον
1000 1016 1068 1091 ύμῖν
1087 1015 1121 1079 δι’
1142 1015 1252 1095 ἐτέρους

162 1123 288 1202 σωτηρίου
318 1122 456 1197 νένκτοιι,
491 1121 640 1192 τούτους
671 1122 736 1198 μὲν
767 1124 1039 1206 ἐπιλύσασθαι,
1072 1124 1194 1196 ἐκείνους
1226 1124 1255 1188 δέ

162 1233 259 1313 μεῖζον
283 1231 459 1303 δυνήσετίκι.
506 1229 608 1293 Locus
632 1253 713 1294 unus
738 1230 876 1295 omnium
899 1232 1116 1310 difficillimus;
1141 1233 1174 1296 in
1192 1255 1254 1316 quo

163 1343 277 1406 frustra
307 1341 434 1403 fortasse
465 1360 557 1422 opera
587 1341 791 1417 consumitur3
817 1341 870 1404 sed
894 1363 991 1424 quum
1015 1343 1169 1404 sententia
1193 1341 1255 1425 pel·

163 1452 281 1525 luceat,
304 1450 354 1511 vix
374 1456 404 1510 te
424 1449 581 1510 contineas
602 1450 784 1513 atentanda
804 1451 1027 1514 emendatione.
1057 1449 1140 1514 Nam
1157 1474 1255 1536 quum

111 1623 115 1632 ,
164 1559 306 1643 opposita
340 1558 403 1619 sint
432 1556 549 1627 τούτους
581 1563 612 1619 et
642 1557 779 1635 ἐκείνους,
811 1558 870 1621 hoo
901 1560 1053 1643 posterius
1087 1568 1190 1624 autem
1217 1561 1255 1624 ad

164 1668 339 1731 liberatores
367 1665 421 1746 qui
451 1664 579 1726 fortasse
608 1664 705 1727 futuri
734 1673 836 1729 essent
858 1668 1026 1745 referatur,
1049 1669 1168 1740 τούτους
1191 1692 1255 1733 non

165 1776 203 1839 ad
227 1776 302 1839 alios
326 1775 474 1857 respicere
497 1780 598 1856 potest
622 1795 714 1856 quam
738 1797 788 1839 eos
813 1777 868 1859 qui
891 1778 1064 1842 subiectum
1085 1781 1255 1843 sententiae

165 1886 318 1960 efficiunt,
343 1883 504 1946 delatores.
550 1866 651 1944 Porro*
678 1905 774 1965 quum
798 1883 836 1948 dc
860 1885 962 1948 alteris
986 1886 1108 1950 dicatur
1130 1887 1256 1967 μεῖζον

164 1995 346 2069 δυνήσετύκι,
370 2013 433 2054 non
456 1990 556 2068 μένοι,
582 1989 773 2073 intellegitur
796 1994 973 2076 oppositum
992 2016 1055 2058 non
1075 2016 1157 2058 esse:
1178 2000 1259 2061 nihil

160 2125 251 2188 posse
282 2109 336 2164 aut
365 2106 505 2177 interire,
536 2099 589 2162 sed
606 2122 721 2184 parum
747 2105 862 2182 valere,
886 2109 1004 2168 υοιοίονκ
1026 2109 1176 2181 invenire,
1201 2111 1256 2170 im-

160 2234 242 2297 pune
273 2233 345 2274 esse.
391 2209 429 2273 In
464 2209 543 2272 hanc
574 2210 758 2273 sententiam
788 2211 891 2275 locum
921 2213 1135 2296 retingendum
1167 2222 1255 2298 puto.

166 2320 204 2383 In
229 2319 417 2383 ε’τιλύσεούοιι
444 2317 539 2380 latere
565 2315 643 2379 mihi
667 2317 791 2381 videtur
814 2320 1071 2398 ἐτιλύοεσύοιι,
1095 2329 1132 2384 ut
1155 2323 1258 2408 legen·

166 2429 240 2492 dum
264 2429 305 2491 sit
328 2428 379 2490 ἐύιν
402 2426 427 2489 δ’
451 2425 564 2504 ὕστερον
589 2427 656 2502 ύμῖν
679 2426 713 2489 δι’
737 2428 846 2505 ἑτέρους
870 2430 995 2509 σωτηρίου
1016 2430 1156 2507 ρένκτκι,
1177 2434 1256 2497 τού-

164 2562 229 2601 τοιν
259 2537 324 2612 μὲν
348 2537 443 2611 ύμοῖς
467 2536 728 2610 ἕτιλνίοεούοοι,
752 2536 871 2607 ἐκείνους
897 2537 926 2602 δὲ
948 2537 1046 2618 μεῖζον
1068 2540 1256 2617 δυνήσεσθαι,

165 2646 236 2721 „sin
253 2651 360 2728 postea
375 2644 462 2707 vobis
479 2643 563 2706 salus
579 2664 634 2726 per
650 2643 726 2706 alios
742 2651 905 2722 nascatur,
923 2646 1035 2710 horum
1050 2647 1256 2731 (delatorum,

165 2754 343 2837 ,,δεικτικῶς)
377 2753 503 2836 quidem
533 2773 587 2815 vos
614 2752 704 2815 facile
728 2752 900 2831 oblituros,
924 2753 1127 2819 nihilominus
1152 2763 1258 2820 tamen

165 2863 339 2946 „lqnamvis
367 2864 429 2926 sint
452 2863 589 2946 impune)
614 2862 728 2925 alteros
751 2861 822 2925 illos
846 2863 987 2946 potentia
1009 2865 1093 2947 ipsos
1118 2887 1184 2928 esse
1207 2888 1258 2928 su·

165 2971 381 3055 „paraturos”
427 2972 478 3034 Ita
513 2971 645 3034 strictim
681 2971 844 3055 exprobrat
878 2972 1140 3051 AtheniensibuS‚
1172 2976 1259 3057 quod

165 3083 256 3145 nimis
281 3080 385 3145 faciles
410 3082 473 3144 sint
496 3080 534 3143 ad
559 3080 793 3164 ignoscendum.
817 3118 861 3128 -
886 3080 981 3153 Οὗτος
1003 3083 1125 3166 saepius
1150 3083 1188 3147 de
1204 3085 1258 3147 ad·

165 3192 297 3254 versario
322 3190 453 3266 dicitur,
479 3190 567 3254 cuius
584 3190 701 3253 mentio
717 3189 891 3271 praeeedit,
909 3190 964 3254 ubi
980 3192 1069 3262 κύτύς
1086 3193 1134 3255 vel
1149 3194 1256 3260 ἑοιυτοῦ

166 3306 332 3382 exspectes.
380 3299 427 3362 Of.
460 3302 490 3362 3.
525 3302 582 3362 ll:
615 3295 693 3370 οὗτος
720 3299 745 3362 δ’
769 3297 933 3375 κίτύύμενος
956 3301 1056 3372 εύύέιος
1079 3301 1185 3377 ἐίκουτοι
1205 3307 1256 3370 τὸν
1313 3314 1316 3321 ‘

165 3408 301 3472 Θεόδοτον
334 3411 383 3472 κού
415 3409 600 3489 διοιτρίβοντοο
624 3408 706 3488 τκρύι
729 3408 900 3488 Λυσιμοίχςο
922 3407 951 3480 ὃς
975 3409 1039 3490 ᾤκει
1060 3413 1181 3486 τλκτίον
1200 3422 1255 3488 τῆς

163 3516 271 3592 οἰκίοος,
296 3514 327 3592 ἧς
351 3516 431 3589 ούτος
450 3519 648 3597 ἐμεμίούιοτο,
676 3515 861 3596 τοορεκοίλεοέ
883 3542 966 3591 τινοις
988 3525 1044 3584 τῶν
1067 3521 1168 3586 τούτου
1194 3525 1256 3586 ἐτι-

163 3626 289 3698 τκδείιον.
336 3627 383 3691 Ib.
410 3630 470 3690 28:
494 3627 577 3704 λέγει
600 3628 623 3690 δ’
645 3629 683 3699 ὡς
708 3631 791 3703 ἡμεῖς
815 3627 937 3704 ἤλθομεν
957 3628 1006 3692 ε’τί
1025 3631 1078 3704 τὴν
1097 3630 1186 3694 οίκίκν
1201 3633 1255 3706 τὴν

163 3734 264 3798 τούτου
294 3735 429 3815 ίοτρκκον
460 3737 587 3817 ἔχοντες.
638 3739 688 3799 14.
714 3738 775 3798 31:
808 3737 901 3800 κοιίτοι
924 3737 1039 3818 οφύδροο
1061 3737 1181 3804 είίιττοοι
1204 3742 1254 3805 λέ-

163 3866 243 3919 γειν,
276 3846 312 3914 ὡς
341 3846 391 3907 ούκ
412 3845 485 3916 είκύς
511 3847 571 3909 εὀτι
594 3845 719 3924 τὸνμὲν
742 3844 860 3924 τοιτέροι
884 3848 974 3911 οιύτού
997 3847 1180 3913 κοιτελύύντοο
1202 3850 1253 3913 δον·

161 3956 229 4032 ρεοὶς
261 3955 343 4032 τοιροὶ
373 3959 423 4017 τοῦ
448 3954 537 4030 δήμου
561 3955 685 4038 λοιβεῖν,
708 3961 808 4019 τοῦτον
831 3954 856 4018 δ’
879 3955 982 4026 οέδίκοις
1007 3956 1053 4020 tra
1076 3959 1128 4031 τὴν
1151 3961 1253 4037 Φυγέρν

162 4062 214 4134 τὴν
242 4061 346 4126 ἐκείνου
373 4061 597 4138 διοιβεβλῆούοιι.
648 4065 698 4126 13.
725 4065 782 4127 77:
807 4063 901 4128 κοιίτοι
926 4069 987 4135 τῶς
1010 4064 1047 4128 ύιν
1070 4066 1177 4141 γένοιτ’
1199 4067 1251 4131 ύν-

162 4170 266 4247 ύροιττος
291 4172 479 4252 μικρύτερος,
504 4171 581 4243 ύοτις
604 4173 681 4246 εἰδὼς
704 4171 746 4237 ύτι
770 4174 826 4238 είοί
847 4198 921 4247 τινες
944 4176 992 4239 ἐπὶ
1019 4185 1099 4259 Φυλῇ
1122 4182 1179 4241 τῶν
1196 4179 1252 4244 ὑπὸ
