2850 5024
674 375 736 436 205

244 610 319 652 XXX.
349 616 424 652 ΚΑΤΑ
446 615 615 652 ΝΙΚΟΜΑΧΟΤ
636 600 831 652 rPAMMATEitz
851 595 986 652 nrorn'mu
1006 612 1170 650 naturum.

205 785 412 850 Nicomachus
444 786 554 848 humili
585 785 653 848 loco
681 793 772 848 natus
795 787 899 869 legum
924 787 1032 869 peritia
1055 786 1093 847 ad
1117 784 1253 867 aliquam

163 894 374 978 dignationem
398 895 545 978 pervenit.
593 894 676 957 Nam
699 896 836 978 quamvis
868 901 954 978 pater
977 916 1081 957 servus
1110 894 1254 977 publicus

161 1010 242 1066 esset
264 1003 435 1086 (δημόσιος),
460 1003 526 1087 ipse
543 1003 641 1066 scriba
658 1002 952 1086 (ὑπογραμματεύς),
971 1010 1072 1065 tamen
1089 1024 1186 1084 quum
1202 1024 1254 1064 an·

161 1112 250 1193 tique
287 1112 473 1195 reipublicae
504 1112 602 1175 forma
634 1119 703 1194 post
736 1111 977 1195 quadringentos
1015 1111 1255 1187 instauraretur,

164 1219 222 1282 hoc
253 1221 280 1282 ei
312 1222 446 1284 muneris
479 1220 585 1284 datum
618 1229 664 1284 est
694 1227 731 1284 ut
760 1220 881 1283 Solonis
905 1221 987 1304 leges
1012 1243 1048 1283 cx
1072 1220 1186 1284 tabulis
1209 1243 1258 1282 ve-

164 1329 256 1392 tustis
288 1338 319 1393 et
349 1352 437 1414 aegre
468 1332 634 1395 intellectis
663 1331 789 1414 (κύρβεις
814 1329 1022 1414 appellabant)
1047 1331 1134 1392 novis
1157 1336 1193 1392 ut
1216 1330 1259 1391 vi·

164 1437 254 1501 detur
285 1439 394 1501 litteris
429 1439 606 1524 (alphabeto
638 1439 757 1523 Ionico)
791 1439 1021 1503 transscriberet
1053 1441 1257 1522 (ἀναγράφω).

165 1545 268 1625 Quam
291 1548 479 1631 provinciam
503 1551 560 1612 etsi
584 1549 718 1633 segniter
741 1548 993 1624 administrabat,
1019 1569 1114 1629 quum
1138 1569 1190 1610 sex
1207 1569 1259 1609 an·

164 1678 221 1719 nos
248 1658 416 1720 insumeret
446 1659 490 1720 rei
521 1658 559 1720 ad
593 1680 684 1740 quam
716 1666 848 1741 quatuor
881 1679 1000 1720 menses
1032 1655 1168 1719 sufficere
1200 1656 1257 1718 visi

165 1774 281 1842 essent,
305 1775 407 1829 tamen
432 1775 494 1829 tam
519 1767 596 1830 bene
620 1768 713 1851 vulgo
737 1766 774 1830 de
799 1789 834 1830 eo
858 1766 1092 1842 existimabant,
1110 1774 1146 1829 ut
1163 1767 1188 1828 si
1205 1766 1258 1848 qui
1369 1793 1372 1797 ’

164 1874 246 1957 leges
269 1874 344 1957 quid
368 1876 625 1959 praescriberent,
650 1876 798 1939 sciscitari
819 1876 946 1952 vellent,
972 1875 1009 1938 ab
1032 1875 1089 1937 hoc
1112 1897 1258 1960 responsa

167 1991 316 2065 peterent.
363 1983 435 2047 Non
463 1986 574 2049 mirum
604 1986 629 2048 si
661 1986 711 2048 hic
743 1995 839 2048 terrae
870 1985 970 2061 filius,
994 1985 1096 2047 nullos
1121 1985 1173 2066 qui
1197 2006 1258 2047 ma·

166 2092 245 2154 iores
268 2092 412 2171 haberet,
438 2097 654 2160 auctoritatem
677 2105 780 2159 tamen
804 2095 958 2177 quandam
975 2095 1056 2157 inter
1072 2095 1169 2171 cives,
1193 2095 1258 2177 qui-

167 2201 225 2264 bus
254 2223 358 2265 recens
386 2203 509 2268 demum
533 2206 705 2289 adscriptus
729 2212 826 2281 esset,
851 2205 910 2268 sibi
934 2210 1157 2288 comparasset,
1182 2204 1258 2265 invi·

165 2331 218 2372 sus
241 2310 326 2374 fieret
349 2318 380 2374 et
403 2313 526 2376 odiosus
551 2315 657 2397 (Arist.
682 2313 758 2376 Rau.
787 2315 894 2397 1506).
941 2311 1072 2375 Crimini
1093 2313 1121 2375 ei
1142 2311 1257 2375 dabant

167 2420 251 2502 quod
282 2422 375 2504 paulo
406 2442 476 2487 aute
505 2425 632 2506 triginta
656 2424 789 2487 virorum
813 2422 1053 2485 dominationem
1077 2423 1148 2484 ficta
1170 2421 1255 2504 lege,

168 2551 230 2611 quo
262 2531 374 2593 certius
403 2530 587 2615 Cleoplronti
618 2532 768 2595 libertatis
799 2538 928 2615 patrono
962 2531 1090 2594 exitium
1119 2537 1256 2614 pararet,

168 2638 333 2715 effecisset,
358 2648 395 2702 ut
418 2640 456 2703 ad
478 2642 543 2703 eius
564 2641 712 2704 iudicium
725 2647 845 2725 praeter
862 2640 1007 2703 hcliaslas
1023 2640 1114 2703 etiam
1129 2639 1259 2702 Senatus

167 2748 380 2826 adhiberetur,
405 2771 466 2832 quo
490 2750 605 2813 factum
629 2759 709 2814 esset
725 2759 768 2813 111
783 2750 835 2813 ille
859 2750 1054 2812 damnaretur
1071 2751 1097 2832 (d
1116 2752 1171 2822 ll,
1189 2750 1257 2831 sq.).

106 2934 109 2938 ⁴
167 2856 284 2920 Verum
308 2858 382 2922 haec
405 2860 437 2922 in
456 2860 542 2943 peius
566 2862 632 2924 sine
657 2859 752 2924 dubio
777 2867 883 2936 aucta3
908 2860 982 2922 satis
1005 2860 1099 2942 longo
1115 2857 1260 2941 temporis

167 2966 330 3030 intervallo
358 2967 395 3030 ab
419 2968 456 3030 iis
480 2968 571 3031 rebus
597 2976 735 3053 separato
760 2969 875 3031 oratori
899 2968 988 3031 licuit
1010 2967 1135 3050 impune
1158 2967 1261 3029 istius·
1341 2957 1343 2960 ⁵

167 3077 251 3139 modi
281 3077 358 3161 qnid
389 3078 512 3162 fingere.
559 3078 600 3142 111
631 3081 664 3142 in
694 3079 830 3142 oratione
862 3082 931 3142 κατ’
958 3078 1120 3158 Ἀγοράτου
1150 3077 1167 3158 b
1201 3078 1259 3151 12,

167 3186 222 3249 ubi
245 3186 350 3249 eadem
374 3209 422 3249 res
446 3194 601 3264 narratur,
627 3186 664 3250 de
688 3186 893 3269 Nicomacho,
912 3188 965 3269 qui
985 3185 1064 3249 nihil
1085 3207 1176 3269 quam
1192 3183 1261 3247 sub·

168 3295 358 3358 ministrasse
389 3296 488 3379 legem
513 3296 651 3374 videtur,
684 3319 776 3379 quam
800 3298 859 3361 sibi
882 3297 981 3360 favere
1005 3295 1152 3378 oligarchi
1175 3301 1261 3378 puta-

167 3402 259 3480 bant,
283 3411 411 3468 tacetur.
458 3404 499 3468 111
532 3407 602 3489 quis
633 3407 797 3471 crediderit
821 3414 884 3471 tam
908 3429 1008 3471 acrem
1031 3405 1181 3470 libertatis
1204 3407 1260 3470 ini·

168 3513 282 3576 micum
304 3535 322 3576 a
341 3514 469 3598 triginta
488 3516 560 3578 viris
576 3517 709 3600 primum
726 3500 903 3601 expulsum,
920 3525 1002 3593 tum,
1020 3538 1117 3599 quum
1131 3514 1261 3578 Euclide

169 3621 314 3684 archonte
345 3622 489 3701 redisset,
522 3647 539 3686 a
571 3625 689 3689 civibus
713 3624 815 3689 denuo
838 3625 954 3689 honore
978 3624 1121 3687 affectum
1144 3621 1260 3686 fuisse?

170 3730 315 3792 Attamen
339 3731 382 3793 sic
406 3730 595 3795 Nicomacho
620 3733 740 3797 accidit.
789 3733 874 3797 Haec
898 3733 924 3796 si
947 3734 1027 3796 inter
1050 3756 1082 3796 se
1106 3740 1259 3817 pugnent,

168 3858 240 3902 vero
263 3848 500 3904 consentaneum
525 3843 630 3906 estiis
654 3843 744 3906 fidem
768 3843 894 3920 haberi,
920 3865 998 3927 quae
1021 3841 1158 3925 proxime
1180 3842 1260 3904 faeta

171 3954 272 4010 essent
298 3957 368 4012 ante
394 3973 534 4034 praesens
558 3952 726 4029 iudicium,
750 3953 907 4036 superiora
930 3953 983 4016 illa
1007 3975 1023 4015 a
1047 3974 1117 4014 vero
1141 3950 1260 4013 detorta

168 4063 285 4139 putare.
332 4057 393 4121 Sed
416 4059 474 4122 hoc
499 4060 649 4143 quidquid
674 4068 721 4124 est
743 4099 789 4111 -
810 4063 958 4146 intellego
983 4062 1064 4125 enim
1088 4066 1171 4124 certa
1193 4081 1260 4143 pro·

171 4165 243 4229 ferri
273 4188 336 4230 non
366 4190 472 4252 posse,
506 4170 689 4234 coniiciendi
721 4178 824 4235 tamen
854 4173 971 4236 veniam
994 4172 1071 4236 mihi
1094 4177 1181 4254 peto,
1206 4169 1260 4253 qui

171 4282 276 4358 putem
307 4279 426 4361 saepius
458 4281 540 4344 iusto
571 4280 732 4349 mendaces
760 4288 894 4346 oratores
925 4281 1013 4344 uobis
1036 4282 1191 4364 imponere
1213 4315 1258 4327 -
