2850 5024
707 401 771 462 aab

194 603 250 665 hoc
274 602 425 684 significat
446 607 547 663 orator
563 599 670 673 illurn,
688 618 784 678 quum
801 606 889 657 antea
905 594 981 656 nihil
1000 592 1207 676 possedisset,
1228 599 1302 652 tum

192 714 232 794 (ἐν
255 714 349 790 ἐκείνῳ
372 715 411 790 τῷ
436 709 538 790 χρόνῳ)
561 716 686 797 repente
711 706 752 767 ita
776 704 903 767 divitem
928 704 1059 779 factum,
1085 716 1121 766 ut
1144 702 1303 764 toleraret

193 821 324 885 libenter
352 821 539 904 impensam
571 817 624 880 sed
656 825 687 879 et
717 815 849 894 πρότερον
883 822 915 876 et
945 816 974 876 ἐν
1005 812 1099 890 ἐκείνῳ
1125 814 1166 891 τῷ
1191 810 1299 890 χρόνῳ

194 952 310 1016 pauper
337 938 401 993 erat
428 928 479 1007 (cl.
508 927 668 1012 proxima).
705 925 831 989 Mallem
864 923 994 986 alterum
1025 930 1128 984 utrum
1159 921 1298 985 abesset.
1381 923 1382 926 ’

194 1040 315 1104 Certius
339 1046 385 1101 est
409 1060 463 1121 pro
486 1041 691 1118 ἅλοφυροῦνται
719 1032 885 1118 legendum
913 1055 978 1096 ease
1001 1033 1201 1110 ὀλοφύρονται.
1251 1030 1299 1093 Et

195 1151 239 1214 sic
262 1148 412 1213 Dobreus.

237 1260 307 1343 bb.
354 1260 377 1322 εἰ
408 1259 437 1322 δὲ
466 1258 573 1322 τούτων
592 1257 743 1336 μηδέτερον
770 1257 898 1336 ποιήσει,
922 1251 1086 1317 δέδοκται
1109 1247 1296 1328 καταψηφί-

194 1369 302 1450 ζεσθαι.
349 1366 591 1452 Improbandum
621 1366 773 1445 δεδόχθαι,
799 1386 882 1429 nuno
906 1365 968 1428 lere
992 1385 1030 1427 ex
1053 1362 1230 1425 coniectura
1246 1382 1297 1422 re·

194 1487 327 1563 ceptum.
375 1477 525 1560 Displicet
560 1476 641 1538 enim
681 1475 852 1538 infinitivus
887 1473 924 1537 ab
957 1476 1086 1550 ἡγοῦμαι
1119 1491 1294 1552 suspensus

194 1594 265 1671 post
290 1585 420 1649 alterum
445 1584 631 1648 infinitivum
654 1585 815 1662 προςήκειν,
840 1593 871 1646 et
894 1580 1055 1667 sequentia
1077 1580 1137 1663 (ael
1162 1580 1205 1655 μὴ
1220 1587 1294 1650 ’τοῖς

194 1696 248 1771 μὲν
277 1733 322 1745 -
350 1696 527 1774 ὀργίζεσθαι,
560 1699 619 1762 τοῖς
651 1694 680 1755 δὲ
710 1729 755 1740 -
783 1692 960 1768 συγγνώμην
985 1689 1076 1772 ἔχειν)
1101 1697 1228 1773 apparet
1252 1687 1294 1750 ad

193 1804 358 1868 irritandos
381 1803 499 1866 iudices
522 1802 604 1865 dicta
628 1823 711 1877 esse,
735 1822 798 1863 non
823 1800 861 1863 ad
885 1799 1094 1872 referendum,
1112 1795 1293 1881 quid-apud

194 1913 309 1977 iudices
333 1919 522 1978 constitutum
544 1912 603 1974 iam
624 1919 704 1974 esset
719 1910 887 1993 (δεδόχθαι).
923 1908 1012 1972 Vidit·
1029 1908 1168 1972 Dobreus
1185 1928 1294 1969 neces·

195 2025 308 2087 sarium
332 2024 534 2098 essedariam
559 2021 605 2083 vel
626 2019 725 2083 simile
745 2019 830 2102 quid.
866 2019 949 2082 Fert.
974 2040 1029 2103 pro
1050 2017 1179 2082 δέδοκται
1192 2016 1288 2079 scrib.

194 2133 238 2197 aar
259 2136 349 2196 αὐτοῦ
373 2133 614 2214 (nascimur,
640 2131 874 2212 narnrror).

568 2360 657 2402 xxxi.
687 2367 763 2405 ΚΑΤΑ
777 2367 913 2405 ΦΙΛΩΝΟΣ,

240 2549 340 2613 Causa
363 2550 437 2612 satis
461 2557 507 2611 est
531 2549 703 2632 perspicua.
740 2547 778 2610 In
797 2549 951 2629 δοκιμασίᾳ
966 2547 1166 2623 Senatorum,
1184 2547 1295 2612 habita

196 2661 228 2722 in
259 2666 386 2734 senatu,
419 2657 509 2721 Philo
533 2657 740 2721 Acharneusis
764 2658 845 2743 (⁰fl
870 2662 923 2742 16)
949 2660 1003 2743 qui
1027 2681 1045 2722 a
1068 2659 1196 2742 triginta
1220 2659 1296 2722 viris

196 2769 319 2831 civit-ate
353 2769 467 2831 eiectus
504 2767 664 2851 aliquanto
696 2767 819 2832 demum
850 2776 921 2853 post
952 2768 1099 2854 populare
1130 2769 1297 2853 imperium

197 2879 375 2942 restitutum
408 2877 547 2941 Athenas
578 2877 726 2955 redierat,
757 2886 918 2942 accusatur
937 2879 1116 2943 aSeuatore
1139 2879 1296 2963 quodam,

199 2986 282 3071 quod
306 3009 368 3050 non
392 2996 512 3053 tantum
536 2988 749 3052 Piraeeusibrm
774 3010 862 3073 opem
886 3012 948 3053 non
971 2990 1112 3065 tulisset,
1131 2989 1297 3054 sedetiam

200 3095 297 3181 Oropi
312 3100 335 3180 ¹)
355 3106 502 3182 tanquam
526 3099 696 3182 inquilinus
719 3100 862 3164 habitans
886 3100 1027 3184 praedam
1049 3123 1085 3165 ex
1100 3121 1173 3184 agro
1188 3101 1300 3164 Attico

200 3209 320 3291 egisset.

245 3315 371 3392 Forma,
397 3320 633 3401 compositione,
659 3322 924 3404 argumentatione
947 3322 1045 3385 oratio
1072 3323 1163 3385 refert
1182 3321 1296 3406 Lysiae

200 3427 368 3510 ingenium.
415 3427 554 3492 Brevitas
579 3432 669 3513 (quae
692 3438 807 3514 quauta
831 3431 872 3493 sit
895 3431 1053 3515 apparebit
1076 3433 1206 3496 maxime
1234 3432 1297 3496 eol·

200 3535 262 3598 lata
284 3535 419 3620 Lycurgi
442 3537 621 3614 Leocratea,
647 3562 725 3622 (puae
749 3540 780 3602 in
805 3540 897 3603 simili
918 3562 1008 3604 causa
1028 3540 1111 3606 diota
1126 3544 1182 3625 est)
1199 3564 1217 3604 a
1234 3541 1296 3626 Ly-

202 3647 246 3708 sia
277 3669 339 3709 non
372 3647 531 3725 abhorret,
563 3672 620 3712 uec
651 3650 761 3728 mirum
786 3650 921 3713 accidere
945 3658 1048 3735 potest
1070 3653 1226 3736 reputanti
1243 3655 1296 3737 agi

203 3765 324 3821 tantum
344 3757 381 3820 de
400 3759 597 3841 probatione,
619 3782 679 3822 uon
700 3760 909 3841 quaestionem
929 3761 1090 3844 capitalem
1111 3785 1184 3825 esse.
1216 3761 1296 3827 Loci

203 3885 380 3929 communes
411 3875 482 3930 sunt
514 3870 531 3951 b
555 3871 573 3929 6
598 3876 628 3930 et
658 3871 712 3944 113
737 3868 832 3931 malos
857 3871 937 3932 enim
962 3871 1042 3933 cives
1066 3893 1145 3947 esse,
1172 3872 1226 3953 qui
1251 3871 1296 3934 di-

141 4141 147 4152 ,
240 4085 264 4142 l)
281 4086 377 4149 Oropus
393 4085 500 4134 subiecta
517 4096 585 4134 antea
604 4086 680 4134 fuerat
697 4085 813 4144 Athenis,
832 4086 884 4134 iure
901 4086 1022 4135 sociorum
1041 4102 1095 4145 usa,
1113 4087 1143 4135 ef.
1161 4088 1236 4136 Thue.
1256 4089 1293 4138 Il.

201 4173 233 4220 23
251 4174 342 4230 ὑπήκοοι
359 4173 414 4222 coll.
433 4173 475 4220 VI.
495 4173 539 4232 69,
557 4173 591 4221 II.
612 4173 672 4232 101,
691 4173 721 4221 ul.
739 4174 787 4222 Sub
805 4173 905 4237 triginta
924 4175 980 4223 viris
997 4179 1022 4222 et
1039 4179 1094 4238 post
1106 4175 1141 4223 sui
1155 4174 1294 4234 irriserat,

201 4259 277 4308 donec
301 4261 397 4320 interna
423 4260 539 4309 discordia
563 4261 663 4309 alteram
687 4275 715 4308 ex
737 4260 881 4309 factionibus
898 4277 918 4309 a.
937 4261 986 4308 402
1004 4261 1033 4309 ud
1050 4260 1177 4310 Thebanos
1194 4276 1293 4326 eompu-

203 4345 241 4396 lit.
275 4347 313 4397 Ol.
335 4348 403 4397 Diod.
423 4347 488 4397 XIV.
508 4347 546 4398 17.
