2850 5024
653 354 690 417 lt

127 573 165 614 ex
189 553 435 637 opportunitate,
460 576 522 637 qua
545 553 627 616 dicta
648 551 780 629 fuerint,
804 552 902 615 lucem
920 553 1053 636 accipere
1068 554 1214 638 potuisse.

125 663 186 738 Sed
210 664 413 748 simplicitatis
438 665 657 746 tenuitatisque
680 664 747 727 laus
771 662 828 727 hoc
853 672 933 726 certe
956 663 1148 747 postulabat,
1180 671 1214 727 ut

126 773 257 838 breviter
291 774 329 838 de
359 797 405 852 re,
439 797 517 858 quae
548 775 580 838 in
609 775 674 837 iure
705 782 894 851 versaretur,
919 782 1135 858 exponeretur,
1160 782 1214 837 aut

125 885 183 949 sub
201 886 292 949 finem
313 893 394 950 certe
411 885 649 970 intellegeretur,
671 884 746 969 quid
763 885 953 970 potissimum
971 893 1072 948 orator
1091 886 1213 949 demon·

125 1005 259 1060 strasset.
307 995 389 1061 Nolo
419 1020 628 1083 praesumere,
657 1019 735 1080 quae
758 996 837 1060 infra
859 997 957 1060 fusius
981 996 1212 1074 demonstrabo,

124 1129 224 1191 neque
248 1115 294 1171 est
316 1109 390 1172 haec
414 1132 460 1173 res
483 1111 544 1175 ὁδοῦ
568 1109 710 1189 nepsam
733 1108 947 1193 pertractanda
954 1136 963 1187 ;
996 1109 1049 1172 sed
1072 1109 1148 1172 mihi
1170 1109 1214 1171 ita

123 1218 221 1282 videri
237 1219 332 1297 solet,
357 1220 511 1285 hominem
528 1242 677 1284 consensu
693 1243 711 1283 a
726 1221 878 1286 veteribus
895 1221 1080 1285 celebratum
1091 1227 1214 1304 propter

123 1331 372 1415 perspicuitatem
393 1355 456 1396 non
468 1333 604 1417 potuisse
620 1339 682 1394 tam
699 1331 821 1395 turbate
837 1330 936 1394 dicere
952 1339 1043 1414 atque
1059 1331 1090 1394 in
1107 1330 1213 1394 multis

123 1442 313 1506 orationibus
336 1444 450 1508 factum
475 1443 622 1508 videmus.
669 1443 790 1528 Inspice
814 1443 997 1527 'Dionysium
1022 1442 1059 1506 de
1082 1441 1153 1526 Lys.
1171 1445 1211 1505 4:

124 1553 220 1633 τρίτην
246 1555 349 1632 riperta
377 1555 582 1635 ἀποφαίνομαι
610 1555 673 1634 τερ)
705 1554 753 1618 τὸν
784 1554 873 1633 ἔνυδροι
903 1555 955 1628 τὴν
980 1554 1157 1634 οοιφήνειοιν,
1182 1556 1213 1618 οὐ

123 1665 207 1740 μόνον
230 1666 282 1738 τὴν
305 1668 334 1730 ἐν
349 1674 407 1738 τοῖς
424 1667 577 1744 ὀνόμασιν,
598 1666 682 1730 &aad
706 1665 755 1729 καὶ
779 1667 830 1740 τὴν
850 1668 878 1729 ἑν
894 1673 952 1736 τοῖς
969 1665 1151 1746 aperuero.
1168 1703 1212 1713 -

123 1785 185 1850 Τῆς
212 1777 266 1854 μὲν
290 1777 457 1841 Θουκυδίδου
480 1777 585 1853 λέξεως
606 1777 655 1840 aa)
680 1777 894 1854 Δημοσθένους,
919 1773 944 1840 οἳ
967 1777 1119 1842 δεινότατοι
1142 1776 1214 1857 τροί-

123 1887 222 1965 yyaar'
243 1887 364 1962 ἐξειπεῖν
385 1889 529 1965 ἐγένοντο,
551 1890 651 1953 πολλοὶ
671 1888 832 1959 dominator*
852 1890 908 1953 tot
928 1891 996 1965 ἡμῖν
1020 1889 1069 1952 aa}
1090 1890 1212 1972 οέοοιΦῆ,

123 1999 172 2062 aa)
195 1999 318 2077 δεόμενοι
341 1998 498 2077 ἐξηγητοῦ,
525 2003 541 2076 ἡ
565 2000 594 2063 δὲ
614 2002 721 2066 Λυσίου
741 1999 820 2077 λέξις
840 1998 935 2064 ἕποντ’
955 2001 1015 2065 ἔστι
1036 2000 1150 2082 Φυνεοοὶ
1162 1997 1211 2063 κοιὶ

123 2111 224 2189 σοφῆς
247 2112 297 2175 acl
320 2114 361 2192 τῷ
382 2111 458 2175 τοὶνν
482 2113 570 2194 πόρ’ῥιι
594 2113 718 2177 δοκοῦντι
742 2119 893 2177 πολιτικῶν
912 2112 1082 2193 ἀφεστάναι
1105 2112 1209 2186 λόγων.

124 2221 182 2283 His
208 2223 276 2304 quis
300 2222 391 2285 hodie
414 2223 637 2289 subscriberet?
662 2224 837 2308 Ambigitur
853 2224 885 2286 in
900 2223 1005 2286 multis
1022 2221 1210 2286 orationibus

124 2333 161 2396 de
192 2355 253 2417 qua
283 2341 388 2416 γραφῇ
421 2343 546 2418 agatur,
577 2335 649 2418 quid
681 2335 846 2420 deliquerit
874 2334 996 2398 tandem
1019 2356 1107 2411 reus,
1132 2355 1210 2416 quae

123 2466 221 2527 poena
243 2445 418 2522 immineat,
444 2445 567 2530 quando
591 2447 687 2510 oratio
711 2446 793 2510 dieta
816 2447 873 2523 sit,
898 2468 973 2510 num
995 2445 1035 2508 sit
1055 2445 1211 2522 δευτερολο-

122 2554 191 2637 τίοι,
210 2577 249 2618 an
264 2557 446 2636 τριτολογίιι,
464 2580 503 2620 an
520 2557 668 2643 epilogus.
693 2557 816 2636 Meieri,
833 2557 1028 2633 Hoelscheri,
1045 2555 1211 2620 Hamakeri

122 2667 247 2729 nomina
270 2667 434 2750 protulisse
458 2669 603 2748 sufficiet,
628 2677 664 2732 ut
687 2677 818 2753 quantae
834 2669 923 2732 molis
939 2669 1032 2732 fuerit
1049 2672 1208 2752 appareat,

123 2800 227 2840 verum
258 2799 366 2841 causae
394 2785 508 2843 statum
539 2780 663 2844 efficere.
704 2781 748 2844 Ac
780 2780 844 2843 fieri
871 2802 932 2843 non
956 2787 1074 2864 potest,
1098 2785 1134 2841 ut
1157 2777 1209 2840 Di-

122 2888 248 2972 onysius
278 2888 421 2953 obscuras
439 2871 604 2954 ‘orationes
626 2889 720 2974 Lysia
746 2891 888 2975 indignas
919 2891 1079 2966 iudicarit,
1115 2885 1157 2953 et'
1175 2889 1207 2950 in

121 2999 236 3063 iudicio
267 3000 392 3064 ferendo
423 3002 607 3085 seposuerit,
640 3024 710 3066 nam
740 3000 878 3065 videmus
909 3025 979 3065 eum
1002 3001 1096 3085 vulgo
1120 3000 1210 3063 aliam

121 3111 270 3175 rationem
303 3119 458 3190 secutum;
486 3136 556 3176 nam
581 3136 642 3196 quo
663 3114 730 3176 loco
755 3115 793 3198 (o.
821 3116 874 3197 12)
899 3113 974 3177 dicit
998 3120 1156 3176 venustate
1181 3119 1211 3174 et

122 3222 220 3304 gratia
253 3225 453 3308 conspicuum
478 3248 542 3289 esse
565 3224 707 3310 Lysiam,
732 3226 892 3310 subiungit
915 3248 946 3288 se
970 3247 1019 3289 eas
1042 3218 1226 3300 orationes,

123 3355 202 3416 quae
225 3333 281 3397 hac
304 3336 418 3399 virtute
442 3343 581 3414 careant,
606 3338 820 3421 suppositicias
843 3337 988 3401 iudicare.
1034 3335 1082 3399 De
1098 3334 1212 3420 perspi·

123 3444 237 3507 euitate
267 3443 377 3528 Lysiae
409 3447 473 3510 siue
502 3447 566 3511 ulla
589 3448 764 3532 exceptione
788 3448 935 3533 loquitur.
984 3447 1091 3510 Potius
1115 3446 1210 3530 igitur

122 3554 155 3617 in
179 3554 354 3619 uuiversum
382 3557 575 3635 crediderim,
603 3557 713 3643 Lysiae
737 3559 888 3622 orationes
912 3558 1028 3621 difficili
1051 3557 1210 3621 intellectu

121 3687 185 3728 non
216 3665 382 3744 laborasse;
415 3668 497 3751 quod
527 3669 553 3732 si
584 3690 661 3752 quae
688 3671 751 3734 sint
777 3669 940 3747 obscurae,
972 3692 1038 3733 eam
1061 3691 1126 3732 rem
1149 3691 1209 3732 non

122 3775 332 3861 imputandam
357 3801 421 3842 esse
444 3781 575 3857 oratori,
601 3781 653 3844 sed
677 3790 730 3845 aut
753 3790 874 3845 nostrae
897 3782 1103 3866 ignorantiae,
1128 3778 1210 3864 quod

121 3887 220 3950 multa
249 3911 306 3980 nos
344 3888 461 3953 lateant
487 3914 564 3975 quae
591 3892 782 3956 auditoribus
806 3901 879 3956 nota
902 3900 1003 3956 essent
1026 3899 1057 3954 et
1080 3891 1145 3955 sine
1167 3890 1212 3953 in·

121 3999 280 4061 commodo
304 4007 428 4083 possent
451 4001 584 4079 reticeri,
610 4010 664 4065 aut
686 4002 966 4079 vicissitudinibus,
991 4025 1067 4086 quas
1089 4011 1210 4065 nostrae
1234 4057 1240 4070 .

121 4109 274 4192 orationes
298 4119 438 4196 expertae
462 4114 533 4177 sint.

167 4218 215 4282 Ex
243 4222 384 4305 operibus
416 4232 552 4287 veterum
575 4226 691 4309 optima
714 4225 802 4289 nobis
826 4233 943 4288 servata
966 4248 1047 4302 esse,
1073 4234 1108 4287 ut
1132 4246 1209 4308 quae

121 4330 223 4393 minus
254 4332 487 4418 neglegerentur
517 4343 547 4399 et
570 4337 745 4421 permulta
768 4346 983 4421 spargerentur
1007 4335 1209 4419 exemplaria,

1094 4454 1111 4506 2
