<?xml version="1.0" encoding="UTF-8"?>
<!DOCTYPE html PUBLIC "-//W3C//DTD XHTML 1.0 Transitional//EN"
    "http://www.w3.org/TR/xhtml1/DTD/xhtml1-transitional.dtd">
<html xmlns="http://www.w3.org/1999/xhtml" xml:lang="en" lang="en">
 <head>
  <title>
</title>
<meta http-equiv="Content-Type" content="text/html;charset=utf-8" />
  <meta name='ocr-system' content='tesseract 3.04.00' />
  <meta name='ocr-capabilities' content='ocr_page ocr_carea ocr_par ocr_line ocrx_word'/>
</head>
<body>
  <div class='ocr_page' id='page_1' title='image "./commentationesl00frangoog_0086.png"; bbox 0 0 2850 5024; ppageno 0'>
   <div class='ocr_carea' id='block_1_1' title="bbox 645 364 684 425">
    <p class='ocr_par' dir='ltr' id='par_1_1' title="bbox 645 364 684 425">
     <span class='ocr_line' id='line_1_1' title="bbox 645 364 684 425; baseline -0.026 0"><span class='ocrx_word' id='word_1_1' title='bbox 645 364 684 425; x_wconf 76' lang='lat'><strong>73</strong></span> 
     </span>
    </p>
   </div>
   <div class='ocr_carea' id='block_1_2' title="bbox 110 553 1291 3882">
    <p class='ocr_par' dir='ltr' id='par_1_2' title="bbox 116 553 1205 1542">
     <span class='ocr_line' id='line_1_2' title="bbox 119 553 1205 649; baseline -0.006 -25"><span class='ocrx_word' id='word_1_2' title='bbox 119 562 214 645; x_wconf 89' lang='lat' dir='ltr'><strong>tiquis</strong></span> <span class='ocrx_word' id='word_1_3' title='bbox 243 561 362 646; x_wconf 89' lang='lat' dir='ltr'><strong>legibus</strong></span> <span class='ocrx_word' id='word_1_4' title='bbox 393 563 564 649; x_wconf 83' lang='lat' dir='ltr'><strong>conquirit,</strong></span> <span class='ocrx_word' id='word_1_5' title='bbox 596 585 650 649; x_wconf 89' lang='lat' dir='ltr'><strong>pro</strong></span> <span class='ocrx_word' id='word_1_6' title='bbox 686 562 797 648; x_wconf 88' lang='lat' dir='ltr'><strong>quibus</strong></span> <span class='ocrx_word' id='word_1_7' title='bbox 833 558 981 623; x_wconf 80' lang='lat' dir='ltr'><strong>recentior</strong></span> <span class='ocrx_word' id='word_1_8' title='bbox 1016 553 1205 620; x_wconf 86' lang='lat' dir='ltr'><strong>cousuetudo</strong></span> 
     </span>
     <span class='ocr_line' id='line_1_3' title="bbox 120 669 1204 763; baseline -0.006 -26"><span class='ocrx_word' id='word_1_9' title='bbox 120 673 180 737; x_wconf 89' lang='lat' dir='ltr'><strong>alia</strong></span> <span class='ocrx_word' id='word_1_10' title='bbox 209 673 394 755; x_wconf 80' lang='lat' dir='ltr'><strong>substituat,</strong></span> <span class='ocrx_word' id='word_1_11' title='bbox 426 685 460 741; x_wconf 91' lang='lat' dir='ltr'><strong>ut</strong></span> <span class='ocrx_word' id='word_1_12' title='bbox 483 684 628 763; x_wconf 83' lang='lat' dir='ltr'><strong>appareat</strong></span> <span class='ocrx_word' id='word_1_13' title='bbox 650 697 711 739; x_wconf 93' lang='lat' dir='ltr'><strong>non</strong></span> <span class='ocrx_word' id='word_1_14' title='bbox 734 675 767 738; x_wconf 91' lang='lat' dir='ltr'><strong>in</strong></span> <span class='ocrx_word' id='word_1_15' title='bbox 790 672 888 737; x_wconf 91' lang='lat' dir='ltr'><strong>verbis</strong></span> <span class='ocrx_word' id='word_1_16' title='bbox 912 669 1098 745; x_wconf 86' lang='lat' dir='ltr'><strong>haerendum</strong></span> <span class='ocrx_word' id='word_1_17' title='bbox 1122 690 1204 742; x_wconf 89' lang='lat' dir='ltr'><strong>esse,</strong></span> 
     </span>
     <span class='ocr_line' id='line_1_4' title="bbox 120 780 1205 874; baseline -0.006 -26"><span class='ocrx_word' id='word_1_18' title='bbox 120 785 173 849; x_wconf 88' lang='lat' dir='ltr'><strong>sed</strong></span> <span class='ocrx_word' id='word_1_19' title='bbox 196 786 228 850; x_wconf 90' lang='lat' dir='ltr'><strong>in</strong></span> <span class='ocrx_word' id='word_1_20' title='bbox 251 788 403 851; x_wconf 88' lang='lat' dir='ltr'><strong>sententia</strong></span> <span class='ocrx_word' id='word_1_21' title='bbox 426 811 503 874; x_wconf 90' lang='lat' dir='ltr'><strong>quae</strong></span> <span class='ocrx_word' id='word_1_22' title='bbox 525 788 563 851; x_wconf 90' lang='lat' dir='ltr'><strong>iis</strong></span> <span class='ocrx_word' id='word_1_23' title='bbox 587 786 695 852; x_wconf 84' lang='lat' dir='ltr'><strong>subsit.</strong></span> <span class='ocrx_word' id='word_1_24' title='bbox 735 785 774 848; x_wconf 91' lang='lat' dir='ltr'><strong>In</strong></span> <span class='ocrx_word' id='word_1_25' title='bbox 798 807 859 870; x_wconf 88' lang='lat' dir='ltr'><strong>quo</strong></span> <span class='ocrx_word' id='word_1_26' title='bbox 883 804 988 848; x_wconf 88' lang='lat' dir='ltr'><strong>rursus</strong></span> <span class='ocrx_word' id='word_1_27' title='bbox 1004 780 1126 845; x_wconf 89' lang='lat' dir='ltr'><strong>acerbe:</strong></span> <span class='ocrx_word' id='word_1_28' title='bbox 1144 801 1205 856; x_wconf 90' lang='lat' dir='ltr'><strong>„an</strong></span> 
     </span>
     <span class='ocr_line' id='line_1_5' title="bbox 119 895 1204 984; baseline -0.005 -25"><span class='ocrx_word' id='word_1_29' title='bbox 119 919 230 975; x_wconf 90' lang='lat' dir='ltr'><strong>„vero,</strong></span> <span class='ocrx_word' id='word_1_30' title='bbox 260 898 444 984; x_wconf 88' lang='lat' dir='ltr'><strong>interrogat,</strong></span> <span class='ocrx_word' id='word_1_31' title='bbox 473 907 525 978; x_wconf 91' lang='lat' dir='ltr'><strong>tu,</strong></span> <span class='ocrx_word' id='word_1_32' title='bbox 549 898 767 974; x_wconf 80' lang='lat' dir='ltr'><strong>Theomneste,</strong></span> <span class='ocrx_word' id='word_1_33' title='bbox 792 897 872 980; x_wconf 86' lang='grc' dir='ltr'><em>(κονιι</em></span> <span class='ocrx_word' id='word_1_34' title='bbox 894 917 959 959; x_wconf 83' lang='lat' dir='ltr'><strong>cam</strong></span> <span class='ocrx_word' id='word_1_35' title='bbox 980 915 1044 958; x_wconf 82' lang='lat' dir='ltr'><strong>rem</strong></span> <span class='ocrx_word' id='word_1_36' title='bbox 1066 899 1098 957; x_wconf 89' lang='lat' dir='ltr'><strong>tu</strong></span> <span class='ocrx_word' id='word_1_37' title='bbox 1120 895 1204 955; x_wconf 80' lang='lat' dir='ltr'><strong>miri-</strong></span> 
     </span>
     <span class='ocr_line' id='line_1_6' title="bbox 119 1003 1204 1096; baseline -0.018 -11"><span class='ocrx_word' id='word_1_38' title='bbox 119 1011 195 1085; x_wconf 74' lang='lat' dir='ltr'><strong>„fice</strong></span> <span class='ocrx_word' id='word_1_39' title='bbox 216 1011 334 1093; x_wconf 79' lang='lat' dir='ltr'><strong>calles),</strong></span> <span class='ocrx_word' id='word_1_40' title='bbox 359 1010 441 1074; x_wconf 90' lang='lat' dir='ltr'><strong>aliud</strong></span> <span class='ocrx_word' id='word_1_41' title='bbox 464 1033 528 1075; x_wconf 88' lang='lat' dir='ltr'><strong>esse</strong></span> <span class='ocrx_word' id='word_1_42' title='bbox 551 1016 641 1096; x_wconf 85' lang='lat' dir='ltr'><strong>putas</strong></span> <span class='ocrx_word' id='word_1_43' title='bbox 664 1014 746 1091; x_wconf 75' lang='grc' dir='ltr'><em>ῥῖψαι</em></span> <span class='ocrx_word' id='word_1_44' title='bbox 768 1011 820 1084; x_wconf 69' lang='grc' dir='ltr'><strong>τὴν</strong></span> <span class='ocrx_word' id='word_1_45' title='bbox 845 1007 973 1085; x_wconf 79' lang='grc' dir='ltr'><em>ἀτπιδα,</em></span> <span class='ocrx_word' id='word_1_46' title='bbox 996 1005 1080 1069; x_wconf 90' lang='lat' dir='ltr'><strong>aliud</strong></span> <span class='ocrx_word' id='word_1_47' title='bbox 1094 1003 1204 1080; x_wconf 81' lang='grc' dir='ltr'><em>ἀποβε-</em></span> 
     </span>
     <span class='ocr_line' id='line_1_7' title="bbox 118 1116 1204 1207; baseline -0.004 -24"><span class='ocrx_word' id='word_1_48' title='bbox 118 1119 323 1197; x_wconf 67' lang='grc' dir='ltr'><em>,,βκκκέναιό”</em></span> <span class='ocrx_word' id='word_1_49' title='bbox 347 1124 376 1207; x_wconf 65' lang='lat' dir='ltr'><strong>(b</strong></span> <span class='ocrx_word' id='word_1_50' title='bbox 399 1125 440 1205; x_wconf 84' lang='grc'><strong>9).</strong></span> <span class='ocrx_word' id='word_1_51' title='bbox 484 1121 617 1187; x_wconf 89' lang='lat' dir='ltr'><strong>Omnino</strong></span> <span class='ocrx_word' id='word_1_52' title='bbox 642 1122 733 1186; x_wconf 89' lang='lat' dir='ltr'><strong>altius</strong></span> <span class='ocrx_word' id='word_1_53' title='bbox 756 1121 888 1205; x_wconf 84' lang='lat' dir='ltr'><strong>insurgit</strong></span> <span class='ocrx_word' id='word_1_54' title='bbox 911 1119 1026 1196; x_wconf 88' lang='lat' dir='ltr'><strong>oratio,</strong></span> <span class='ocrx_word' id='word_1_55' title='bbox 1051 1116 1204 1200; x_wconf 85' lang='lat' dir='ltr'><strong>habetque</strong></span> 
     </span>
     <span class='ocr_line' id='line_1_8' title="bbox 118 1229 1203 1320; baseline -0.003 -26"><span class='ocrx_word' id='word_1_56' title='bbox 118 1231 251 1296; x_wconf 88' lang='lat' dir='ltr'><strong>colorem</strong></span> <span class='ocrx_word' id='word_1_57' title='bbox 282 1235 412 1299; x_wconf 90' lang='lat' dir='ltr'><strong>eundem</strong></span> <span class='ocrx_word' id='word_1_58' title='bbox 439 1259 527 1320; x_wconf 89' lang='lat' dir='ltr'><strong>saepe</strong></span> <span class='ocrx_word' id='word_1_59' title='bbox 554 1242 645 1320; x_wconf 85' lang='lat' dir='ltr'><strong>atque</strong></span> <span class='ocrx_word' id='word_1_60' title='bbox 669 1233 849 1299; x_wconf 87' lang='lat' dir='ltr'><strong>duodecima</strong></span> <span class='ocrx_word' id='word_1_61' title='bbox 872 1233 915 1316; x_wconf 92' lang='lat' dir='ltr'><strong>(in</strong></span> <span class='ocrx_word' id='word_1_62' title='bbox 939 1229 1203 1310; x_wconf 77' lang='lat' dir='ltr'><strong>Eratosthenem),</strong></span> 
     </span>
     <span class='ocr_line' id='line_1_9' title="bbox 116 1339 1204 1419; baseline -0.005 -14"><span class='ocrx_word' id='word_1_63' title='bbox 116 1351 155 1406; x_wconf 90' lang='lat' dir='ltr'><strong>ut</strong></span> <span class='ocrx_word' id='word_1_64' title='bbox 184 1344 216 1406; x_wconf 93' lang='lat' dir='ltr'><strong>in</strong></span> <span class='ocrx_word' id='word_1_65' title='bbox 246 1346 392 1410; x_wconf 88' lang='lat' dir='ltr'><strong>orationis</strong></span> <span class='ocrx_word' id='word_1_66' title='bbox 423 1348 572 1411; x_wconf 89' lang='lat' dir='ltr'><strong>tenuitate</strong></span> <span class='ocrx_word' id='word_1_67' title='bbox 604 1353 703 1411; x_wconf 90' lang='lat' dir='ltr'><strong>tamen</strong></span> <span class='ocrx_word' id='word_1_68' title='bbox 737 1344 827 1409; x_wconf 88' lang='lat' dir='ltr'><strong>etiam</strong></span> <span class='ocrx_word' id='word_1_69' title='bbox 858 1343 963 1407; x_wconf 84' lang='lat' dir='ltr'><strong>lacerti</strong></span> <span class='ocrx_word' id='word_1_70' title='bbox 996 1341 1077 1419; x_wconf 91' lang='lat' dir='ltr'><strong>sint,</strong></span> <span class='ocrx_word' id='word_1_71' title='bbox 1102 1339 1145 1403; x_wconf 89' lang='lat' dir='ltr'><strong>sic</strong></span> <span class='ocrx_word' id='word_1_72' title='bbox 1169 1345 1204 1401; x_wconf 92' lang='lat' dir='ltr'><strong>ut</strong></span> 
     </span>
     <span class='ocr_line' id='line_1_10' title="bbox 117 1455 880 1542; baseline 0.001 -26"><span class='ocrx_word' id='word_1_73' title='bbox 117 1455 184 1518; x_wconf 86' lang='lat' dir='ltr'><strong>fieri</strong></span> <span class='ocrx_word' id='word_1_74' title='bbox 207 1456 305 1540; x_wconf 89' lang='lat' dir='ltr'><strong>possit</strong></span> <span class='ocrx_word' id='word_1_75' title='bbox 327 1457 406 1521; x_wconf 93' lang='lat' dir='ltr'><strong>nihil</strong></span> <span class='ocrx_word' id='word_1_76' title='bbox 429 1457 580 1522; x_wconf 80' lang='lat' dir='ltr'><strong>valentius</strong></span> <span class='ocrx_word' id='word_1_77' title='bbox 603 1456 679 1542; x_wconf 81' lang='lat' dir='ltr'><strong>(Cic.</strong></span> <span class='ocrx_word' id='word_1_78' title='bbox 704 1456 791 1520; x_wconf 88' lang='lat' dir='ltr'><strong>Brut.</strong></span> <span class='ocrx_word' id='word_1_79' title='bbox 818 1457 880 1539; x_wconf 80' lang='lat' dir='ltr'><strong>lc).</strong></span> 
     </span>
    </p>

    <p class='ocr_par' dir='ltr' id='par_1_3' title="bbox 114 1561 1291 2542">
     <span class='ocr_line' id='line_1_11' title="bbox 163 1561 1202 1654; baseline -0.004 -25"><span class='ocrx_word' id='word_1_80' title='bbox 163 1567 180 1650; x_wconf 66' lang='lat' dir='ltr'><strong>b</strong></span> <span class='ocrx_word' id='word_1_81' title='bbox 205 1568 232 1630; x_wconf 87' lang='lat' dir='ltr'><strong>l.</strong></span> <span class='ocrx_word' id='word_1_82' title='bbox 278 1567 409 1632; x_wconf 87' lang='lat' dir='ltr'><strong>Penuria</strong></span> <span class='ocrx_word' id='word_1_83' title='bbox 431 1571 573 1646; x_wconf 86' lang='lat' dir='ltr'><strong>testium,</strong></span> <span class='ocrx_word' id='word_1_84' title='bbox 598 1569 715 1654; x_wconf 90' lang='lat' dir='ltr'><strong>inquit,</strong></span> <span class='ocrx_word' id='word_1_85' title='bbox 739 1590 802 1632; x_wconf 95' lang='lat' dir='ltr'><strong>non</strong></span> <span class='ocrx_word' id='word_1_86' title='bbox 817 1565 978 1642; x_wconf 87' lang='lat' dir='ltr'><strong>laborabo,</strong></span> <span class='ocrx_word' id='word_1_87' title='bbox 999 1564 1123 1635; x_wconf 76' lang='grc' dir='ltr'><em>πολλοὺς</em></span> <span class='ocrx_word' id='word_1_88' title='bbox 1143 1561 1202 1640; x_wconf 76' lang='grc' dir='ltr'><strong>γάρ</strong></span> 
     </span>
     <span class='ocr_line' id='line_1_12' title="bbox 118 1674 1203 1762; baseline -0.004 -22"><span class='ocrx_word' id='word_1_89' title='bbox 118 1678 204 1752; x_wconf 77' lang='grc' dir='ltr'><em>ὑμῶν</em></span> <span class='ocrx_word' id='word_1_90' title='bbox 216 1679 266 1760; x_wconf 78' lang='grc' dir='ltr'><strong>ὁρῶ</strong></span> <span class='ocrx_word' id='word_1_91' title='bbox 285 1678 450 1760; x_wconf 82' lang='grc' dir='ltr'><em>δικάζοντας</em></span> <span class='ocrx_word' id='word_1_92' title='bbox 469 1685 525 1745; x_wconf 78' lang='grc' dir='ltr'><strong>τῶν</strong></span> <span class='ocrx_word' id='word_1_93' title='bbox 544 1681 610 1746; x_wconf 80' lang='grc' dir='ltr'><em>τότε</em></span> <span class='ocrx_word' id='word_1_94' title='bbox 631 1680 793 1762; x_wconf 83' lang='grc' dir='ltr'><em>παρόντων,</em></span> <span class='ocrx_word' id='word_1_95' title='bbox 811 1676 859 1742; x_wconf 83' lang='grc' dir='ltr'><strong>ότε</strong></span> <span class='ocrx_word' id='word_1_96' title='bbox 871 1676 1007 1748; x_wconf 75' lang='grc' dir='ltr'><strong>Λυσίθεος</strong></span> <span class='ocrx_word' id='word_1_97' title='bbox 1020 1674 1203 1752; x_wconf 72' lang='grc' dir='ltr'><em>Θεόμνηστον</em></span> 
     </span>
     <span class='ocr_line' id='line_1_13' title="bbox 116 1785 1202 1874; baseline -0.004 -22"><span class='ocrx_word' id='word_1_98' title='bbox 116 1789 302 1867; x_wconf 72' lang='grc' dir='ltr'><em>εῐςάγνεκκε.</em></span> <span class='ocrx_word' id='word_1_99' title='bbox 339 1789 496 1854; x_wconf 86' lang='lat' dir='ltr'><strong>Sententia</strong></span> <span class='ocrx_word' id='word_1_100' title='bbox 515 1791 674 1855; x_wconf 88' lang='lat' dir='ltr'><strong>manifesto</strong></span> <span class='ocrx_word' id='word_1_101' title='bbox 697 1791 771 1854; x_wconf 91' lang='lat' dir='ltr'><strong>haec</strong></span> <span class='ocrx_word' id='word_1_102' title='bbox 793 1789 974 1874; x_wconf 85' lang='lat' dir='ltr'><strong>requiritur:</strong></span> <span class='ocrx_word' id='word_1_103' title='bbox 992 1786 1106 1852; x_wconf 88' lang='lat' dir='ltr'><strong>multos</strong></span> <span class='ocrx_word' id='word_1_104' title='bbox 1122 1785 1202 1849; x_wconf 90' lang='lat' dir='ltr'><strong>enim</strong></span> 
     </span>
     <span class='ocr_line' id='line_1_14' title="bbox 116 1899 1204 1987; baseline -0.004 -23"><span class='ocrx_word' id='word_1_105' title='bbox 116 1922 239 1980; x_wconf 89' lang='lat' dir='ltr'><strong>eorum,</strong></span> <span class='ocrx_word' id='word_1_106' title='bbox 271 1903 325 1987; x_wconf 89' lang='lat' dir='ltr'><strong>qui</strong></span> <span class='ocrx_word' id='word_1_107' title='bbox 352 1909 427 1967; x_wconf 89' lang='lat' dir='ltr'><strong>tune</strong></span> <span class='ocrx_word' id='word_1_108' title='bbox 451 1901 594 1981; x_wconf 90' lang='lat' dir='ltr'><strong>aderant,</strong></span> <span class='ocrx_word' id='word_1_109' title='bbox 620 1925 702 1967; x_wconf 90' lang='lat' dir='ltr'><strong>nuno</strong></span> <span class='ocrx_word' id='word_1_110' title='bbox 724 1902 757 1965; x_wconf 90' lang='lat' dir='ltr'><strong>in</strong></span> <span class='ocrx_word' id='word_1_111' title='bbox 780 1901 916 1965; x_wconf 88' lang='lat' dir='ltr'><strong>iudicum</strong></span> <span class='ocrx_word' id='word_1_112' title='bbox 943 1899 1095 1963; x_wconf 82' lang='lat' dir='ltr'><strong>subselliis</strong></span> <span class='ocrx_word' id='word_1_113' title='bbox 1120 1919 1204 1982; x_wconf 89' lang='lat' dir='ltr'><strong>prae·</strong></span> 
     </span>
     <span class='ocr_line' id='line_1_15' title="bbox 116 2010 1291 2098; baseline 0.002 -24"><span class='ocrx_word' id='word_1_114' title='bbox 116 2022 218 2076; x_wconf 88' lang='lat' dir='ltr'><strong>sentes</strong></span> <span class='ocrx_word' id='word_1_115' title='bbox 243 2013 339 2078; x_wconf 87' lang='lat' dir='ltr'><strong>video.</strong></span> <span class='ocrx_word' id='word_1_116' title='bbox 379 2014 438 2079; x_wconf 86' lang='lat' dir='ltr'><strong>Sed</strong></span> <span class='ocrx_word' id='word_1_117' title='bbox 450 2015 603 2098; x_wconf 90' lang='lat' dir='ltr'><strong>quomodo</strong></span> <span class='ocrx_word' id='word_1_118' title='bbox 621 2015 693 2078; x_wconf 90' lang='lat' dir='ltr'><strong>haec</strong></span> <span class='ocrx_word' id='word_1_119' title='bbox 710 2036 779 2078; x_wconf 90' lang='lat' dir='ltr'><strong>eum</strong></span> <span class='ocrx_word' id='word_1_120' title='bbox 795 2012 892 2077; x_wconf 88' lang='lat' dir='ltr'><strong>verbis</strong></span> <span class='ocrx_word' id='word_1_121' title='bbox 910 2010 1084 2086; x_wconf 86' lang='lat' dir='ltr'><strong>conveniat,</strong></span> <span class='ocrx_word' id='word_1_122' title='bbox 1102 2016 1204 2072; x_wconf 86' lang='lat' dir='ltr'><strong>tacent</strong></span> <span class='ocrx_word' id='word_1_123' title='bbox 1289 2066 1291 2076; x_wconf 81' lang='grc'>,</span> 
     </span>
     <span class='ocr_line' id='line_1_16' title="bbox 115 2122 1201 2208; baseline -0.001 -24"><span class='ocrx_word' id='word_1_124' title='bbox 115 2122 308 2207; x_wconf 86' lang='lat' dir='ltr'><strong>interpretes.</strong></span> <span class='ocrx_word' id='word_1_125' title='bbox 355 2122 437 2189; x_wconf 91' lang='lat' dir='ltr'><strong>Nam</strong></span> <span class='ocrx_word' id='word_1_126' title='bbox 460 2127 537 2201; x_wconf 78' lang='grc' dir='ltr'><em>ὑμῶν</em></span> <span class='ocrx_word' id='word_1_127' title='bbox 559 2133 614 2191; x_wconf 79' lang='grc' dir='ltr'><strong>τῶν</strong></span> <span class='ocrx_word' id='word_1_128' title='bbox 634 2125 700 2191; x_wconf 90' lang='grc' dir='ltr'><em>τότε</em></span> <span class='ocrx_word' id='word_1_129' title='bbox 717 2127 861 2205; x_wconf 86' lang='grc' dir='ltr'><em>παρόντων</em></span> <span class='ocrx_word' id='word_1_130' title='bbox 877 2124 965 2208; x_wconf 90' lang='lat' dir='ltr'><strong>iungi</strong></span> <span class='ocrx_word' id='word_1_131' title='bbox 981 2144 1042 2185; x_wconf 92' lang='lat' dir='ltr'><strong>non</strong></span> <span class='ocrx_word' id='word_1_132' title='bbox 1058 2127 1187 2206; x_wconf 88' lang='lat' dir='ltr'><strong>possunt</strong></span> <span class='ocrx_word' id='word_1_133' title='bbox 1193 2145 1201 2196; x_wconf 90' lang='lat'>;</span> 
     </span>
     <span class='ocr_line' id='line_1_17' title="bbox 115 2235 1200 2318; baseline -0.002 -21"><span class='ocrx_word' id='word_1_134' title='bbox 115 2254 181 2298; x_wconf 90' lang='lat' dir='ltr'><strong>non</strong></span> <span class='ocrx_word' id='word_1_135' title='bbox 204 2235 284 2299; x_wconf 91' lang='lat' dir='ltr'><strong>enim</strong></span> <span class='ocrx_word' id='word_1_136' title='bbox 307 2235 330 2298; x_wconf 93' lang='lat' dir='ltr'><strong>ii</strong></span> <span class='ocrx_word' id='word_1_137' title='bbox 354 2236 407 2318; x_wconf 91' lang='lat' dir='ltr'><strong>qui</strong></span> <span class='ocrx_word' id='word_1_138' title='bbox 428 2259 512 2300; x_wconf 87' lang='lat' dir='ltr'><strong>nunc</strong></span> <span class='ocrx_word' id='word_1_139' title='bbox 534 2237 650 2302; x_wconf 87' lang='lat' dir='ltr'><strong>iudices</strong></span> <span class='ocrx_word' id='word_1_140' title='bbox 674 2235 800 2314; x_wconf 91' lang='lat' dir='ltr'><strong>sedent,</strong></span> <span class='ocrx_word' id='word_1_141' title='bbox 824 2243 890 2299; x_wconf 90' lang='lat' dir='ltr'><strong>tum</strong></span> <span class='ocrx_word' id='word_1_142' title='bbox 914 2235 1064 2298; x_wconf 86' lang='lat' dir='ltr'><strong>affuerant</strong></span> <span class='ocrx_word' id='word_1_143' title='bbox 1086 2255 1200 2296; x_wconf 89' lang='lat' dir='ltr'><strong>omnes.</strong></span> 
     </span>
     <span class='ocr_line' id='line_1_18' title="bbox 117 2343 1202 2431; baseline 0 -25"><span class='ocrx_word' id='word_1_144' title='bbox 117 2343 198 2407; x_wconf 92' lang='lat' dir='ltr'><strong>Mihi</strong></span> <span class='ocrx_word' id='word_1_145' title='bbox 228 2345 442 2429; x_wconf 86' lang='lat' dir='ltr'><strong>expellendum</strong></span> <span class='ocrx_word' id='word_1_146' title='bbox 473 2346 594 2411; x_wconf 87' lang='lat' dir='ltr'><strong>videtur</strong></span> <span class='ocrx_word' id='word_1_147' title='bbox 623 2349 718 2430; x_wconf 77' lang='grc' dir='ltr'><em>ὑμῶν,</em></span> <span class='ocrx_word' id='word_1_148' title='bbox 750 2353 786 2411; x_wconf 95' lang='lat' dir='ltr'><strong>ut</strong></span> <span class='ocrx_word' id='word_1_149' title='bbox 814 2347 961 2431; x_wconf 87' lang='lat' dir='ltr'><strong>iungatur</strong></span> <span class='ocrx_word' id='word_1_150' title='bbox 991 2344 1116 2415; x_wconf 74' lang='grc' dir='ltr'><em>πολλοὺς</em></span> <span class='ocrx_word' id='word_1_151' title='bbox 1146 2346 1202 2409; x_wconf 80' lang='grc' dir='ltr'><strong>τᾶν</strong></span> 
     </span>
     <span class='ocr_line' id='line_1_19' title="bbox 114 2454 721 2542; baseline 0.007 -24"><span class='ocrx_word' id='word_1_152' title='bbox 114 2454 185 2518; x_wconf 84' lang='grc' dir='ltr'><em>τότε</em></span> <span class='ocrx_word' id='word_1_153' title='bbox 208 2455 354 2535; x_wconf 76' lang='grc' dir='ltr'><em>παρόντων</em></span> <span class='ocrx_word' id='word_1_154' title='bbox 377 2459 448 2542; x_wconf 79' lang='grc' dir='ltr'><em>(νῦν)</em></span> <span class='ocrx_word' id='word_1_155' title='bbox 471 2458 639 2539; x_wconf 69' lang='grc' dir='ltr'><em>δικάζοντας</em></span> <span class='ocrx_word' id='word_1_156' title='bbox 662 2461 721 2539; x_wconf 76' lang='grc' dir='ltr'><em>ὁρῶ.</em></span> 
     </span>
    </p>

    <p class='ocr_par' dir='ltr' id='par_1_4' title="bbox 111 2567 1202 3543">
     <span class='ocr_line' id='line_1_20' title="bbox 161 2567 1202 2651; baseline 0.003 -23"><span class='ocrx_word' id='word_1_157' title='bbox 161 2567 231 2651; x_wconf 64' lang='lat' dir='ltr'><strong>bh.</strong></span> <span class='ocrx_word' id='word_1_158' title='bbox 277 2573 393 2649; x_wconf 79' lang='grc' dir='ltr'><em>Φαῦλον</em></span> <span class='ocrx_word' id='word_1_159' title='bbox 417 2570 477 2649; x_wconf 58' lang='lat' dir='ltr'><strong>rap</strong></span> <span class='ocrx_word' id='word_1_160' title='bbox 501 2570 588 2635; x_wconf 78' lang='grc' dir='ltr'><em>αὐτὸ</em></span> <span class='ocrx_word' id='word_1_161' title='bbox 611 2570 660 2634; x_wconf 73' lang='grc' dir='ltr'><strong>καὶ</strong></span> <span class='ocrx_word' id='word_1_162' title='bbox 683 2570 791 2643; x_wconf 72' lang='grc' dir='ltr'><em>οὐδενός</em></span> <span class='ocrx_word' id='word_1_163' title='bbox 813 2567 891 2646; x_wconf 80' lang='grc' dir='ltr'><em>ἀξιον</em></span> <span class='ocrx_word' id='word_1_164' title='bbox 915 2568 1054 2647; x_wconf 72' lang='grc' dir='ltr'><strong>ἡγούμην.</strong></span> <span class='ocrx_word' id='word_1_165' title='bbox 1093 2567 1143 2631; x_wconf 89' lang='lat' dir='ltr'><strong>Ita</strong></span> <span class='ocrx_word' id='word_1_166' title='bbox 1166 2589 1202 2631; x_wconf 82' lang='lat' dir='ltr'><strong>ex</strong></span> 
     </span>
     <span class='ocr_line' id='line_1_21' title="bbox 115 2676 1202 2766; baseline 0.002 -25"><span class='ocrx_word' id='word_1_167' title='bbox 115 2676 254 2764; x_wconf 74' lang='lat' dir='ltr'><strong>Emperii</strong></span> <span class='ocrx_word' id='word_1_168' title='bbox 285 2681 436 2744; x_wconf 84' lang='lat' dir='ltr'><strong>sententia</strong></span> <span class='ocrx_word' id='word_1_169' title='bbox 469 2705 551 2746; x_wconf 90' lang='lat' dir='ltr'><strong>nunc</strong></span> <span class='ocrx_word' id='word_1_170' title='bbox 582 2704 636 2766; x_wconf 92' lang='lat' dir='ltr'><strong>pro</strong></span> <span class='ocrx_word' id='word_1_171' title='bbox 667 2683 755 2747; x_wconf 82' lang='grc' dir='ltr'><em>αὐτόν</em></span> <span class='ocrx_word' id='word_1_172' title='bbox 781 2681 904 2766; x_wconf 86' lang='lat' dir='ltr'><strong>legitur.</strong></span> <span class='ocrx_word' id='word_1_173' title='bbox 951 2679 1063 2765; x_wconf 87' lang='lat' dir='ltr'><strong>Aptius</strong></span> <span class='ocrx_word' id='word_1_174' title='bbox 1086 2685 1202 2760; x_wconf 78' lang='grc' dir='ltr'><em>φαῦλος</em></span> 
     </span>
     <span class='ocr_line' id='line_1_22' title="bbox 116 2789 1201 2879; baseline 0.003 -27"><span class='ocrx_word' id='word_1_175' title='bbox 116 2789 169 2853; x_wconf 76' lang='grc' dir='ltr'><strong>καὶ</strong></span> <span class='ocrx_word' id='word_1_176' title='bbox 200 2790 307 2863; x_wconf 81' lang='grc' dir='ltr'><em>οὐδενός</em></span> <span class='ocrx_word' id='word_1_177' title='bbox 336 2791 416 2870; x_wconf 78' lang='grc' dir='ltr'><em>ἀξιος</em></span> <span class='ocrx_word' id='word_1_178' title='bbox 448 2794 485 2857; x_wconf 90' lang='lat' dir='ltr'><strong>de</strong></span> <span class='ocrx_word' id='word_1_179' title='bbox 515 2794 638 2858; x_wconf 89' lang='lat' dir='ltr'><strong>homine</strong></span> <span class='ocrx_word' id='word_1_180' title='bbox 669 2817 762 2879; x_wconf 87' lang='lat' dir='ltr'><strong>quam</strong></span> <span class='ocrx_word' id='word_1_181' title='bbox 793 2793 830 2857; x_wconf 88' lang='lat' dir='ltr'><strong>de</strong></span> <span class='ocrx_word' id='word_1_182' title='bbox 860 2815 892 2857; x_wconf 89' lang='lat' dir='ltr'><strong>re</strong></span> <span class='ocrx_word' id='word_1_183' title='bbox 923 2792 1082 2869; x_wconf 80' lang='lat' dir='ltr'><strong>dicuntur,</strong></span> <span class='ocrx_word' id='word_1_184' title='bbox 1108 2814 1201 2876; x_wconf 90' lang='lat' dir='ltr'><strong>quare</strong></span> 
     </span>
     <span class='ocr_line' id='line_1_23' title="bbox 113 2901 1201 2990; baseline 0.002 -26"><span class='ocrx_word' id='word_1_185' title='bbox 113 2901 307 2968; x_wconf 86' lang='lat' dir='ltr'><strong>redeundum</strong></span> <span class='ocrx_word' id='word_1_186' title='bbox 334 2912 408 2990; x_wconf 89' lang='lat' dir='ltr'><strong>puto</strong></span> <span class='ocrx_word' id='word_1_187' title='bbox 432 2905 471 2969; x_wconf 93' lang='lat' dir='ltr'><strong>ad</strong></span> <span class='ocrx_word' id='word_1_188' title='bbox 494 2905 654 2970; x_wconf 91' lang='lat' dir='ltr'><strong>lectionem</strong></span> <span class='ocrx_word' id='word_1_189' title='bbox 678 2905 834 2970; x_wconf 85' lang='lat' dir='ltr'><strong>librorum.</strong></span> <span class='ocrx_word' id='word_1_190' title='bbox 883 2903 983 2968; x_wconf 78' lang='lat' dir='ltr'><strong>Facile</strong></span> <span class='ocrx_word' id='word_1_191' title='bbox 1006 2904 1131 2981; x_wconf 85' lang='lat' dir='ltr'><strong>ferrem,</strong></span> <span class='ocrx_word' id='word_1_192' title='bbox 1156 2904 1201 2966; x_wconf 90' lang='lat' dir='ltr'><strong>in-</strong></span> 
     </span>
     <span class='ocr_line' id='line_1_24' title="bbox 113 3014 1198 3101; baseline 0.001 -23"><span class='ocrx_word' id='word_1_193' title='bbox 113 3014 202 3097; x_wconf 86' lang='lat' dir='ltr'><strong>quit,</strong></span> <span class='ocrx_word' id='word_1_194' title='bbox 227 3016 253 3079; x_wconf 89' lang='lat' dir='ltr'><strong>si</strong></span> <span class='ocrx_word' id='word_1_195' title='bbox 275 3038 323 3080; x_wconf 88' lang='lat' dir='ltr'><strong>ure</strong></span> <span class='ocrx_word' id='word_1_196' title='bbox 346 3023 462 3101; x_wconf 89' lang='lat' dir='ltr'><strong>patrem</strong></span> <span class='ocrx_word' id='word_1_197' title='bbox 479 3040 570 3082; x_wconf 88' lang='lat' dir='ltr'><strong>suum</strong></span> <span class='ocrx_word' id='word_1_198' title='bbox 584 3017 770 3082; x_wconf 88' lang='lat' dir='ltr'><strong>interfecisse</strong></span> <span class='ocrx_word' id='word_1_199' title='bbox 786 3016 1014 3093; x_wconf 88' lang='lat' dir='ltr'><strong>criminaretur;</strong></span> <span class='ocrx_word' id='word_1_200' title='bbox 1032 3037 1102 3080; x_wconf 89' lang='lat' dir='ltr'><strong>eum</strong></span> <span class='ocrx_word' id='word_1_201' title='bbox 1118 3015 1198 3079; x_wconf 91' lang='lat' dir='ltr'><strong>enim</strong></span> 
     </span>
     <span class='ocr_line' id='line_1_25' title="bbox 112 3126 1198 3213; baseline -0.001 -23"><span class='ocrx_word' id='word_1_202' title='bbox 112 3148 172 3210; x_wconf 89' lang='lat' dir='ltr'><strong>ego</strong></span> <span class='ocrx_word' id='word_1_203' title='bbox 203 3126 354 3192; x_wconf 89' lang='lat' dir='ltr'><strong>abiectum</strong></span> <span class='ocrx_word' id='word_1_204' title='bbox 382 3136 412 3191; x_wconf 88' lang='lat' dir='ltr'><strong>et</strong></span> <span class='ocrx_word' id='word_1_205' title='bbox 435 3127 691 3194; x_wconf 89' lang='lat' dir='ltr'><strong>contemnendum</strong></span> <span class='ocrx_word' id='word_1_206' title='bbox 715 3127 877 3213; x_wconf 87' lang='lat' dir='ltr'><strong>putabam,</strong></span> <span class='ocrx_word' id='word_1_207' title='bbox 901 3126 1046 3191; x_wconf 89' lang='lat' dir='ltr'><strong>nimirum</strong></span> <span class='ocrx_word' id='word_1_208' title='bbox 1070 3126 1143 3191; x_wconf 88' lang='lat' dir='ltr'><strong>dum</strong></span> <span class='ocrx_word' id='word_1_209' title='bbox 1167 3127 1198 3189; x_wconf 88' lang='lat' dir='ltr'><strong>in</strong></span> 
     </span>
     <span class='ocr_line' id='line_1_26' title="bbox 113 3236 1198 3322; baseline 0.003 -21"><span class='ocrx_word' id='word_1_210' title='bbox 113 3237 193 3301; x_wconf 83' lang='lat' dir='ltr'><strong>vivis</strong></span> <span class='ocrx_word' id='word_1_211' title='bbox 226 3247 299 3302; x_wconf 89' lang='lat' dir='ltr'><strong>erat.</strong></span> <span class='ocrx_word' id='word_1_212' title='bbox 336 3239 382 3303; x_wconf 81' lang='lat' dir='ltr'><strong>cf.</strong></span> <span class='ocrx_word' id='word_1_213' title='bbox 416 3239 492 3304; x_wconf 88' lang='lat' dir='ltr'><strong>Isae.</strong></span> <span class='ocrx_word' id='word_1_214' title='bbox 525 3243 555 3305; x_wconf 72' lang='grc'><strong>2.</strong></span> <span class='ocrx_word' id='word_1_215' title='bbox 587 3243 647 3304; x_wconf 75' lang='lat'><strong>43:</strong></span> <span class='ocrx_word' id='word_1_216' title='bbox 679 3242 702 3305; x_wconf 76' lang='grc' dir='ltr'><strong>εἰ</strong></span> <span class='ocrx_word' id='word_1_217' title='bbox 729 3238 800 3306; x_wconf 77' lang='grc' dir='ltr'><em>οὕτω</em></span> <span class='ocrx_word' id='word_1_218' title='bbox 823 3247 939 3322; x_wconf 72' lang='grc' dir='ltr'><em>Φαῦνος</em></span> <span class='ocrx_word' id='word_1_219' title='bbox 963 3241 1030 3304; x_wconf 77' lang='grc' dir='ltr'><em>δοκῶ</em></span> <span class='ocrx_word' id='word_1_220' title='bbox 1054 3236 1125 3304; x_wconf 79' lang='grc' dir='ltr'><em>εἶναι</em></span> <span class='ocrx_word' id='word_1_221' title='bbox 1149 3239 1198 3304; x_wconf 75' lang='grc' dir='ltr'><strong>καὶ</strong></span> 
     </span>
     <span class='ocr_line' id='line_1_27' title="bbox 111 3347 1199 3436; baseline 0.005 -25"><span class='ocrx_word' id='word_1_222' title='bbox 111 3347 233 3426; x_wconf 75' lang='grc' dir='ltr'><em>μηδενὸς</em></span> <span class='ocrx_word' id='word_1_223' title='bbox 257 3347 344 3426; x_wconf 80' lang='grc' dir='ltr'><em>ἀξιος.</em></span> <span class='ocrx_word' id='word_1_224' title='bbox 368 3388 413 3399; x_wconf 90' lang='grc'><strong>-</strong></span> <span class='ocrx_word' id='word_1_225' title='bbox 434 3352 451 3436; x_wconf 67' lang='lat' dir='ltr'><strong>b</strong></span> <span class='ocrx_word' id='word_1_226' title='bbox 473 3353 492 3414; x_wconf 82' lang='lat'><strong>3</strong></span> <span class='ocrx_word' id='word_1_227' title='bbox 517 3374 571 3436; x_wconf 93' lang='lat' dir='ltr'><strong>pro</strong></span> <span class='ocrx_word' id='word_1_228' title='bbox 595 3352 657 3432; x_wconf 75' lang='grc' dir='ltr'><em>περὶ</em></span> <span class='ocrx_word' id='word_1_229' title='bbox 683 3358 732 3417; x_wconf 78' lang='grc' dir='ltr'><strong>τοῦ</strong></span> <span class='ocrx_word' id='word_1_230' title='bbox 756 3352 864 3434; x_wconf 77' lang='grc' dir='ltr'><em>πατρός</em></span> <span class='ocrx_word' id='word_1_231' title='bbox 887 3355 1103 3434; x_wconf 73' lang='grc' dir='ltr'><em>τιμωρήσασθαι</em></span> <span class='ocrx_word' id='word_1_232' title='bbox 1126 3374 1199 3416; x_wconf 86' lang='lat' dir='ltr'><strong>usus</strong></span> 
     </span>
     <span class='ocr_line' id='line_1_28' title="bbox 111 3459 982 3543; baseline 0.007 -21"><span class='ocrx_word' id='word_1_233' title='bbox 111 3459 243 3542; x_wconf 90' lang='lat' dir='ltr'><strong>requirit</strong></span> <span class='ocrx_word' id='word_1_234' title='bbox 266 3460 334 3539; x_wconf 85' lang='grc' dir='ltr'><em>ὑπέρ</em></span> <span class='ocrx_word' id='word_1_235' title='bbox 356 3467 408 3526; x_wconf 79' lang='grc' dir='ltr'><em>τοῖν</em></span> <span class='ocrx_word' id='word_1_236' title='bbox 431 3487 480 3540; x_wconf 72' lang='lat' dir='ltr'><strong>aa,</strong></span> <span class='ocrx_word' id='word_1_237' title='bbox 505 3470 541 3526; x_wconf 91' lang='lat' dir='ltr'><strong>ut</strong></span> <span class='ocrx_word' id='word_1_238' title='bbox 566 3466 616 3528; x_wconf 83' lang='lat'><strong>13.</strong></span> <span class='ocrx_word' id='word_1_239' title='bbox 641 3467 681 3526; x_wconf 76' lang='lat'><strong>41</strong></span> <span class='ocrx_word' id='word_1_240' title='bbox 708 3472 738 3528; x_wconf 91' lang='lat' dir='ltr'><strong>et</strong></span> <span class='ocrx_word' id='word_1_241' title='bbox 761 3467 821 3543; x_wconf 75' lang='lat'><strong>42,</strong></span> <span class='ocrx_word' id='word_1_242' title='bbox 846 3472 877 3529; x_wconf 90' lang='lat' dir='ltr'><strong>et</strong></span> <span class='ocrx_word' id='word_1_243' title='bbox 900 3463 982 3529; x_wconf 86' lang='lat' dir='ltr'><strong>alibi.</strong></span> 
     </span>
    </p>

    <p class='ocr_par' dir='ltr' id='par_1_5' title="bbox 110 3570 1198 3882">
     <span class='ocr_line' id='line_1_29' title="bbox 159 3570 1198 3659; baseline 0.006 -28"><span class='ocrx_word' id='word_1_244' title='bbox 159 3571 229 3655; x_wconf 63' lang='lat' dir='ltr'><strong>bh.</strong></span> <span class='ocrx_word' id='word_1_245' title='bbox 276 3570 325 3636; x_wconf 86' lang='grc' dir='ltr'><em>ε’ἀν</em></span> <span class='ocrx_word' id='word_1_246' title='bbox 344 3597 387 3645; x_wconf 81' lang='grc' dir='ltr'><strong>τις</strong></span> <span class='ocrx_word' id='word_1_247' title='bbox 408 3571 473 3654; x_wconf 70' lang='lat' dir='ltr'><strong>aiau</strong></span> <span class='ocrx_word' id='word_1_248' title='bbox 491 3573 539 3638; x_wconf 83' lang='grc' dir='ltr'><strong>τόν</strong></span> <span class='ocrx_word' id='word_1_249' title='bbox 566 3575 681 3653; x_wconf 78' lang='grc' dir='ltr'><em>πατέρα</em></span> <span class='ocrx_word' id='word_1_250' title='bbox 702 3576 900 3640; x_wconf 81' lang='grc' dir='ltr'><em>ἀπεκτονέναι.</em></span> <span class='ocrx_word' id='word_1_251' title='bbox 948 3575 1021 3639; x_wconf 90' lang='lat' dir='ltr'><strong>Iure</strong></span> <span class='ocrx_word' id='word_1_252' title='bbox 1044 3576 1198 3659; x_wconf 87' lang='lat' dir='ltr'><strong>Augerius</strong></span> 
     </span>
     <span class='ocr_line' id='line_1_30' title="bbox 110 3680 1198 3772; baseline 0.003 -26"><span class='ocrx_word' id='word_1_253' title='bbox 110 3680 165 3746; x_wconf 85' lang='grc' dir='ltr'><em>ε’ἀν</em></span> <span class='ocrx_word' id='word_1_254' title='bbox 196 3681 239 3755; x_wconf 78' lang='grc' dir='ltr'><strong>τίς</strong></span> <span class='ocrx_word' id='word_1_255' title='bbox 262 3681 313 3747; x_wconf 89' lang='grc' dir='ltr'><em>τιν’</em></span> <span class='ocrx_word' id='word_1_256' title='bbox 337 3681 413 3764; x_wconf 78' lang='grc' dir='ltr'><em>εἵπρ.</em></span> <span class='ocrx_word' id='word_1_257' title='bbox 461 3682 526 3748; x_wconf 91' lang='lat' dir='ltr'><strong>Nec</strong></span> <span class='ocrx_word' id='word_1_258' title='bbox 550 3685 588 3749; x_wconf 88' lang='lat' dir='ltr'><strong>ad</strong></span> <span class='ocrx_word' id='word_1_259' title='bbox 611 3686 831 3750; x_wconf 83' lang='lat' dir='ltr'><strong>defendendam</strong></span> <span class='ocrx_word' id='word_1_260' title='bbox 855 3686 1009 3772; x_wconf 87' lang='lat' dir='ltr'><strong>vulgatam</strong></span> <span class='ocrx_word' id='word_1_261' title='bbox 1036 3686 1198 3751; x_wconf 90' lang='lat' dir='ltr'><strong>lectionem</strong></span> 
     </span>
     <span class='ocr_line' id='line_1_31' title="bbox 111 3795 1198 3882; baseline 0.004 -25"><span class='ocrx_word' id='word_1_262' title='bbox 111 3800 328 3879; x_wconf 86' lang='lat' dir='ltr'><strong>argumentum</strong></span> <span class='ocrx_word' id='word_1_263' title='bbox 352 3795 415 3878; x_wconf 93' lang='lat' dir='ltr'><strong>peti</strong></span> <span class='ocrx_word' id='word_1_264' title='bbox 439 3802 540 3879; x_wconf 87' lang='lat' dir='ltr'><strong>potest</strong></span> <span class='ocrx_word' id='word_1_265' title='bbox 563 3819 600 3860; x_wconf 80' lang='lat' dir='ltr'><strong>ex</strong></span> <span class='ocrx_word' id='word_1_266' title='bbox 621 3798 638 3882; x_wconf 64' lang='lat' dir='ltr'><strong>b</strong></span> <span class='ocrx_word' id='word_1_267' title='bbox 661 3800 699 3859; x_wconf 82' lang='lat'><strong>9:</strong></span> <span class='ocrx_word' id='word_1_268' title='bbox 724 3798 752 3861; x_wconf 88' lang='grc' dir='ltr'><strong>ἐν</strong></span> <span class='ocrx_word' id='word_1_269' title='bbox 774 3798 802 3862; x_wconf 83' lang='grc' dir='ltr'><strong>δὲ</strong></span> <span class='ocrx_word' id='word_1_270' title='bbox 825 3798 865 3876; x_wconf 82' lang='grc' dir='ltr'><strong>τῷ</strong></span> <span class='ocrx_word' id='word_1_271' title='bbox 888 3797 963 3877; x_wconf 76' lang='grc' dir='ltr'><em>νόμῳ</em></span> <span class='ocrx_word' id='word_1_272' title='bbox 982 3797 1072 3877; x_wconf 81' lang='grc' dir='ltr'><em>εέρκτο</em></span> <span class='ocrx_word' id='word_1_273' title='bbox 1091 3797 1198 3869; x_wconf 76' lang='grc' dir='ltr'><em>ε’ἀντις</em></span> 
     </span>
    </p>
   </div>
   <div class='ocr_carea' id='block_1_3' title="bbox 10 3905 1197 3993">
    <p class='ocr_par' dir='ltr' id='par_1_6' title="bbox 10 3905 1197 3993">
     <span class='ocr_line' id='line_1_32' title="bbox 10 3905 1197 3993; baseline 0.002 -23"><span class='ocrx_word' id='word_1_274' title='bbox 10 3917 14 3922; x_wconf 85' lang='grc'><strong><em>’</em></strong></span> <span class='ocrx_word' id='word_1_275' title='bbox 109 3905 218 3986; x_wconf 80' lang='grc' dir='ltr'><em>Φάοκρ</em></span> <span class='ocrx_word' id='word_1_276' title='bbox 248 3906 505 3988; x_wconf 68' lang='grc' dir='ltr'><em>ἀποβεβληκέναι,</em></span> <span class='ocrx_word' id='word_1_277' title='bbox 538 3908 666 3974; x_wconf 77' lang='grc' dir='ltr'><em>ὑπόδικον</em></span> <span class='ocrx_word' id='word_1_278' title='bbox 697 3905 782 3984; x_wconf 78' lang='grc' dir='ltr'><em>εἶναι,</em></span> <span class='ocrx_word' id='word_1_279' title='bbox 816 3930 871 3972; x_wconf 93' lang='lat' dir='ltr'><strong>neo</strong></span> <span class='ocrx_word' id='word_1_280' title='bbox 899 3931 935 3972; x_wconf 89' lang='lat' dir='ltr'><strong>ex</strong></span> <span class='ocrx_word' id='word_1_281' title='bbox 957 3910 974 3993; x_wconf 64' lang='lat' dir='ltr'><strong>b</strong></span> <span class='ocrx_word' id='word_1_282' title='bbox 999 3911 1056 3987; x_wconf 66' lang='lat' dir='ltr'><strong>lt,</strong></span> <span class='ocrx_word' id='word_1_283' title='bbox 1082 3931 1137 3972; x_wconf 88' lang='lat' dir='ltr'><strong>nec</strong></span> <span class='ocrx_word' id='word_1_284' title='bbox 1161 3931 1197 3972; x_wconf 82' lang='lat' dir='ltr'><strong>ex</strong></span> 
     </span>
    </p>
   </div>
   <div class='ocr_carea' id='block_1_4' title="bbox 108 4017 1196 4438">
    <p class='ocr_par' dir='ltr' id='par_1_7' title="bbox 108 4017 1196 4211">
     <span class='ocr_line' id='line_1_33' title="bbox 109 4017 1196 4107; baseline 0.001 -25"><span class='ocrx_word' id='word_1_285' title='bbox 109 4017 247 4102; x_wconf 89' lang='lat' dir='ltr'><strong>epitome</strong></span> <span class='ocrx_word' id='word_1_286' title='bbox 278 4017 368 4081; x_wconf 89' lang='lat' dir='ltr'><strong>huius</strong></span> <span class='ocrx_word' id='word_1_287' title='bbox 399 4021 544 4083; x_wconf 88' lang='lat' dir='ltr'><strong>orationis</strong></span> <span class='ocrx_word' id='word_1_288' title='bbox 575 4022 641 4106; x_wconf 87' lang='lat' dir='ltr'><strong>(ll)</strong></span> <span class='ocrx_word' id='word_1_289' title='bbox 670 4023 687 4107; x_wconf 62' lang='lat' dir='ltr'><strong>b</strong></span> <span class='ocrx_word' id='word_1_290' title='bbox 718 4023 753 4099; x_wconf 82' lang='lat'><strong>6,</strong></span> <span class='ocrx_word' id='word_1_291' title='bbox 786 4021 899 4105; x_wconf 88' lang='lat' dir='ltr'><strong>quibus</strong></span> <span class='ocrx_word' id='word_1_292' title='bbox 928 4021 1002 4085; x_wconf 89' lang='lat' dir='ltr'><strong>loeis</strong></span> <span class='ocrx_word' id='word_1_293' title='bbox 1032 4023 1099 4106; x_wconf 91' lang='lat' dir='ltr'><strong>ipsa</strong></span> <span class='ocrx_word' id='word_1_294' title='bbox 1120 4021 1196 4106; x_wconf 88' lang='lat' dir='ltr'><strong>legis</strong></span> 
     </span>
     <span class='ocr_line' id='line_1_34' title="bbox 108 4126 930 4211; baseline 0.01 -21"><span class='ocrx_word' id='word_1_295' title='bbox 108 4126 207 4191; x_wconf 88' lang='lat' dir='ltr'><strong>verba</strong></span> <span class='ocrx_word' id='word_1_296' title='bbox 228 4127 403 4193; x_wconf 88' lang='lat' dir='ltr'><strong>laudantur.</strong></span> <span class='ocrx_word' id='word_1_297' title='bbox 917 4189 930 4211; x_wconf 73' lang='grc'><strong><em>,</em></strong></span> 
     </span>
    </p>

    <p class='ocr_par' dir='ltr' id='par_1_8' title="bbox 110 4239 1195 4438">
     <span class='ocr_line' id='line_1_35' title="bbox 159 4239 1194 4328; baseline 0.004 -24"><span class='ocrx_word' id='word_1_298' title='bbox 159 4241 229 4323; x_wconf 67' lang='lat' dir='ltr'><strong>bl.</strong></span> <span class='ocrx_word' id='word_1_299' title='bbox 277 4239 461 4305; x_wconf 83' lang='lat' dir='ltr'><strong>Causabitur</strong></span> <span class='ocrx_word' id='word_1_300' title='bbox 490 4242 569 4305; x_wconf 94' lang='lat' dir='ltr'><strong>nihil</strong></span> <span class='ocrx_word' id='word_1_301' title='bbox 600 4266 631 4306; x_wconf 90' lang='lat' dir='ltr'><strong>se</strong></span> <span class='ocrx_word' id='word_1_302' title='bbox 662 4243 773 4308; x_wconf 84' lang='lat' dir='ltr'><strong>dixisse</strong></span> <span class='ocrx_word' id='word_1_303' title='bbox 805 4242 886 4327; x_wconf 94' lang='lat' dir='ltr'><strong>quod</strong></span> <span class='ocrx_word' id='word_1_304' title='bbox 917 4243 983 4327; x_wconf 87' lang='lat' dir='ltr'><strong>lege</strong></span> <span class='ocrx_word' id='word_1_305' title='bbox 1007 4242 1194 4328; x_wconf 86' lang='lat' dir='ltr'><strong>prohibitum</strong></span> 
     </span>
     <span class='ocr_line' id='line_1_36' title="bbox 110 4350 1195 4438; baseline 0.003 -22"><span class='ocrx_word' id='word_1_306' title='bbox 110 4350 173 4428; x_wconf 88' lang='lat' dir='ltr'><strong>sit,</strong></span> <span class='ocrx_word' id='word_1_307' title='bbox 205 4374 265 4437; x_wconf 91' lang='lat' dir='ltr'><strong>qua</strong></span> <span class='ocrx_word' id='word_1_308' title='bbox 287 4374 349 4415; x_wconf 92' lang='lat' dir='ltr'><strong>non</strong></span> <span class='ocrx_word' id='word_1_309' title='bbox 371 4351 570 4416; x_wconf 88' lang='lat' dir='ltr'><strong>interdicatur</strong></span> <span class='ocrx_word' id='word_1_310' title='bbox 592 4376 630 4418; x_wconf 89' lang='lat' dir='ltr'><strong>na</strong></span> <span class='ocrx_word' id='word_1_311' title='bbox 654 4356 722 4438; x_wconf 90' lang='lat' dir='ltr'><strong>quis</strong></span> <span class='ocrx_word' id='word_1_312' title='bbox 745 4354 844 4419; x_wconf 86' lang='lat' dir='ltr'><strong>verbis</strong></span> <span class='ocrx_word' id='word_1_313' title='bbox 867 4355 1043 4428; x_wconf 68' lang='grc' dir='ltr'><em>ἀποκτείνειν</em></span> <span class='ocrx_word' id='word_1_314' title='bbox 1070 4355 1117 4420; x_wconf 85' lang='grc' dir='ltr'><strong>τόν</strong></span> <span class='ocrx_word' id='word_1_315' title='bbox 1137 4379 1195 4419; x_wconf 93' lang='grc' dir='ltr'><strong>πα-</strong></span> 
     </span>
    </p>
   </div>
   <div class='ocr_carea' id='block_1_5' title="bbox 0 0 1430 5024">
    <p class='ocr_par' dir='ltr' id='par_1_9' title="bbox 0 0 1430 5024">
     <span class='ocr_line' id='line_1_37' title="bbox 0 0 1430 5024; baseline 0 3"><span class='ocrx_word' id='word_1_316' title='bbox 0 0 1430 5024; x_wconf 95' lang='lat' dir='ltr'><strong> </strong></span> 
     </span>
    </p>
   </div>
  </div>
 </body>
</html>
