2850 5024
680 363 741 424 158

164 559 352 637 accusando,
378 567 413 623 ut
436 559 495 622 sibi
519 559 673 621 accusatio
698 557 780 642 apud
801 557 952 642 populum
967 559 1172 642 contingeret.
1199 557 1257 623 Sed

164 677 201 731 nt
221 670 350 753 speciem
370 691 387 731 a
407 692 438 732 sc
458 679 626 744 removeat,
647 669 738 751 fingit
762 690 793 730 sc
816 668 992 731 rumoribus
1018 669 1197 746 hominum,
1214 670 1259 732 ni-

164 781 240 843 miae
278 777 506 845 bonevolentiae
541 800 612 862 erga
642 778 858 841 frumentarios
890 779 993 861 ipsum
1026 779 1256 857 accusantium,

164 912 258 973 paene
281 895 421 953 coactum
444 888 560 964 fuisse,
585 896 622 952 ut
646 895 822 965 accusaret,
847 888 1005 970 utigitur
1029 911 1060 951 se
1084 888 1188 972 ipsum
1208 892 1258 954 de·

155 1001 317 1085 faedaret,
342 1000 432 1082 fingit
455 1021 486 1062 sc
510 1000 542 1062 in
563 1006 672 1063 senatu
696 1006 886 1065 accuratiore
910 998 996 1081 (ἔργῳ
1019 1000 1259 1077 ἀπελογησάμην

164 1111 181 1194 d
204 1113 245 1194 3).
292 1109 334 1174 Et
357 1116 393 1172 ut
416 1132 537 1173 omnem
561 1132 578 1173 a
602 1133 634 1173 se
658 1111 865 1194 suspicionem
888 1115 1056 1187 removeat,
1082 1115 1113 1173 et
1136 1130 1259 1173 omnem

165 1219 342 1306 cupiditatis
366 1221 399 1283 in
423 1220 594 1284 accusando
618 1221 749 1304 speciem
774 1222 885 1298 evitet,
910 1223 926 1304 d
950 1223 971 1283 4
995 1219 1053 1284 sub
1070 1220 1122 1283 fin.
1147 1241 1210 1283 non
1228 1241 1260 1282 se

166 1331 289 1395 studere
320 1329 395 1393 dicit
418 1338 454 1393 ut
477 1331 533 1392 viri
557 1330 809 1412 condemnentur,
835 1329 889 1392 sed
913 1336 949 1393 ut
972 1331 1026 1393 fiat
1050 1329 1261 1413 quodcunque

165 1439 407 1504 Atheniensibus
437 1441 563 1524 placeat.
612 1440 692 1504 Mihi
723 1441 783 1504 nisi
815 1441 859 1504 ita
882 1440 945 1503 fere
969 1463 1001 1503 se
1024 1462 1072 1503 res
1095 1440 1259 1516 habuerit,

165 1552 230 1614 sine
265 1572 356 1613 causa
390 1551 539 1615 obscurus
575 1559 606 1614 et
638 1551 801 1614 intricatus
829 1549 954 1613 videtur
977 1557 1097 1626 orator3
1123 1550 1260 1613 sectione

166 1669 275 1744 quarta
297 1683 393 1745 paene
416 1661 574 1724 ridiculus.
622 1659 699 1739 Quis
724 1662 806 1725 enim
830 1666 933 1723 orator
956 1659 1015 1723 hoc
1032 1683 1062 1723 se
1076 1658 1260 1723 effecturum

166 1770 342 1852 ceteroquin
370 1770 562 1854 gloriaretur,
588 1792 650 1834 non
675 1792 707 1833 se
731 1771 824 1833 finem
846 1770 1001 1832 facturum
1026 1767 1151 1832 dicendi
1176 1774 1261 1833 ante·

166 1900 259 1961 quam
282 1879 398 1942 iudices
422 1919 466 1927 -
489 1879 607 1962 aliquid
632 1902 687 1964 pro
713 1879 839 1943 arbitrio
864 1877 1069 1941 statuissent?
1100 1875 1180 1956 Quis
1197 1901 1261 1942 non

166 1989 268 2072 potius
299 1991 475 2073 quieturum
508 2013 540 2054 se
563 1998 689 2074 negaret
713 1997 878 2074 antequam
901 1989 940 2053 ad
963 2011 1051 2054 suam
1074 1989 1261 2052 sententiam

164 2098 279 2161 iudices
311 2101 529 2183 pertraxisset?
575 2101 616 2164 Et
647 2110 767 2165 tamen:
798 2101 920 2182 αἰσχρὸν
953 2100 978 2163 δ’
1003 2103 1134 2177 ἡγοῦμαι
1158 2099 1261 2176 πρότε·

163 2232 206 2288 ρον
229 2209 418 2285 παύσασθαι,
443 2210 507 2290 πρὶν
529 2210 565 2276 ἂν
590 2212 672 2289 ὑμεῖς
698 2212 762 2292 περὶ
786 2214 881 2276 αὐτῶν
906 2211 923 2276 ὅ
943 2237 971 2276 τι
995 2210 1033 2276 tv
1043 2209 1190 2288 βούλησθε
1201 2215 1261 2289 ψη-

162 2318 295 2397 (dicanda.
344 2317 488 2382 Ceterum
513 2326 586 2385 sunt
610 2321 693 2406 apud
716 2320 886 2385 Isocratem
909 2343 1020 2404 genere
1045 2319 1169 2383 dicendi
1185 2318 1260 2382 satis

164 2428 285 2491 similia.
309 2467 354 2477 -
376 2428 526 2509 Ἡρξοὶμην
549 2432 603 2508 μὲν
625 2428 672 2496 οὖν
695 2432 802 2497 τούτων
825 2428 928 2495 dorca:
959 2437 1087 2516 propter
1110 2429 1182 2492 illos
1207 2428 1261 2492 ho·

163 2538 282 2603 minum
315 2562 451 2603 rumores
486 2542 513 2624 (d
540 2543 571 2624 3)
599 2541 823 2604 accusationem
854 2542 898 2604 sic
927 2541 1065 2617 institui,
1091 2540 1184 2611 traaas
1202 2541 1260 2609 autc

163 2650 275 2721 αἰτίαις,
296 2670 401 2712 eorum
417 2649 644 2712 criminationes
659 2656 810 2714 metuens.
840 2649 981 2713 Dobreus
1005 2649 1059 2732 qui
1083 2649 1157 2712 haec
1176 2656 1260 2713 recte

163 2759 351 2838 emendavit,
376 2759 490 2822 iniuria
512 2759 631 2822 marrdt
652 2758 709 2823 aa.
733 2785 761 2826 τ.
787 2761 847 2823 air.
873 2758 978 2823 deleri.

206 2871 276 2953 §a
318 2870 416 2936 ’Άλλο
443 2895 471 2934 τι
503 2866 549 2933 οὖν
580 2867 670 2944 discis
695 2870 711 2944 ἢ
741 2871 912 2946 croacasim
936 2907 981 2918 -
1007 2869 1142 2946 Ἔγωγε,
1189 2867 1260 2930 Hoc

160 2982 198 3063 (si
224 2981 315 3045 modo
339 2981 506 3064 Graecum)
531 2988 593 3043 est:
620 2980 681 3043 alia
704 3002 804 3065 poena
829 2980 942 3065 dignus
968 2986 1037 3043 sum
1061 3000 1155 3061 quam
1178 2977 1259 3060 capi-

160 3090 233 3168 tali,
266 3090 349 3155 aliud
381 3090 450 3153 volo
483 3112 575 3175 quam
609 3097 748 3157 mortem.
795 3089 956 3154 Sententia
987 3088 1157 3172 requiritur
1188 3108 1261 3151 con-

161 3202 263 3263 traria.
299 3199 373 3283 Lag.
399 3198 474 3264 ἄλλο
497 3225 525 3264 τι
549 3196 595 3265 οὖν
619 3200 636 3274 ἢ
660 3199 750 3274 ἀξιοῖς
772 3201 946 3275 cincturam
969 3206 1023 3261 aut
1038 3197 1127 3282 plane
1145 3197 1259 3261 omisso

162 3309 196 3383 ἤε
221 3309 297 3372 ἄλλο
320 3333 347 3373 rs
372 3306 417 3373 οὖν
439 3307 530 3384 ἀξιοῖς
548 3309 719 3384 duodenam
746 3309 828 3394 quod
849 3308 955 3372 eodem
973 3307 1070 3383 redit,
1088 3314 1124 3369 ut
1144 3307 1176 3370 in
1192 3308 1260 3371 vul·

161 3440 218 3502 gus
235 3425 345 3481 notum
364 3419 417 3503 (z
436 3422 570 3503 nuncet).
606 3418 685 3481 Plat.
711 3418 804 3502 Gorg.
831 3420 906 3481 495.
933 3416 967 3480 G.
989 3417 1086 3482 ’Άλλο
1106 3441 1134 3481 τι
1154 3412 1201 3480 οὖν
1222 3419 1259 3488 ὥς

161 3529 259 3609 ἑτέραν
286 3530 338 3602 τὴν
362 3528 492 3607 ἀνδρείαν
514 3536 566 3602 τῆς
590 3528 754 3603 ἐπιστήμης
778 3527 824 3592 δύο
850 3533 950 3591 ταῦτα
975 3525 1098 3602 {aaran
1123 3525 1260 3610 Respon-

162 3638 268 3702 detur:
293 3638 407 3719 σφόδρα
430 3660 478 3713 γε.

206 3752 223 3833 d
247 3751 276 3813 7.
324 3754 397 3827 Χρῆν
426 3747 480 3823 μὲν
510 3745 601 3810 τοίνυν
633 3746 732 3819 ἱκανὴν
764 3739 835 3809 εἶναι
857 3745 970 3817 ταύτην
994 3746 1045 3818 τὴν
1068 3744 1260 3823 κατηγορίαν.

163 3858 303 3922 Dobreus
327 3856 492 3921 delendum
516 3855 662 3920 censebat
677 3857 755 3932 cdv,
768 3855 851 3939 quod
868 3876 931 3919 non
946 3854 1154 3918 necessarium
1171 3859 1259 3936 puto.

163 3969 260 4046 Sane,
297 3970 324 4031 si
354 3966 528 4051 urgendum
563 3972 609 4028 est
645 3965 828 4042 discrimen,
853 3966 959 4050 aptius
984 3963 1125 4027 videatur
1148 3963 1262 4034 ταύτην

164 4080 276 4143 omisso
300 4078 441 4143 articulo.
488 4075 647 4139 Sententia
672 4075 835 4140 verborum
858 4075 971 4148 ταύτην
995 4068 1066 4137 εἶναι
1090 4073 1191 4146 ἱκανὴν
1206 4095 1261 4138 aa.

164 4192 300 4269 myopc'av
324 4194 385 4251 est:
411 4186 502 4262 haec,
528 4205 606 4266 quae
630 4184 714 4262 dixi,
739 4185 876 4249 sufficere
900 4183 937 4248 ad
955 4183 1182 4258 accusandum
1208 4202 1261 4266 op·

163 4303 324 4382 ponuntur
348 4295 426 4371 alia,
452 4315 530 4376 quae
554 4295 660 4357 melias
684 4302 810 4377 possent
834 4316 889 4378 pro
913 4292 1110 4356 accusatione
1135 4290 1261 4368 haberi,
