2850 5024
602 396 609 407 ·
678 360 742 419 216

164 582 254 643 quam
272 558 430 633 λεγόντων,
449 557 543 619 veluti
560 555 769 638 λοιδορούντων,
787 557 1024 633 διοβιιλλθντυν,
1043 558 1267 636 συνοφοιντοιίν·

164 695 238 742 τυν,
263 677 317 730 ant
341 670 395 731 ὑπὸ
415 675 470 730 τῶν
493 669 532 731 τοὶ
557 673 679 731 τοιοῦτοι
704 667 859 742 λεγόντων.
907 668 966 732 Sed
990 675 1176 751 corruptum
1200 690 1268 730 esse

166 780 284 855 locum,
309 800 364 841 nec
388 780 492 862 inepto
516 777 631 840 rhetori
656 777 729 840 liaeo
753 777 873 854 deberi,
904 786 966 841 tam
990 778 1081 842 lectio
1105 776 1266 854 Palatini,

166 913 258 973 quam
282 888 433 951 sententie
455 887 536 951 bono
558 895 588 949 et
612 895 683 971 apto
707 887 744 950 iis
767 888 970 970 temporibus,
1000 888 1114 971 quibus
1138 886 1267 950 nullum

165 1000 277 1062 crimen
303 999 400 1081 magis
424 1005 536 1059 temero
560 996 730 1060 iactabatur
746 1019 836 1080 quam
852 998 1027 1062 communio
1043 998 1168 1082 imperii
1186 1017 1266 1059 cccc

165 1119 196 1172 et
219 1129 282 1172 xxx
307 1109 458 1183 virorum,
484 1105 623 1191 probent.
659 1105 696 1169 In
722 1108 868 1190 proximis
892 1109 1014 1172 mollem
1030 1110 1137 1174 obesse
1153 1110 1178 1171 σί
1192 1118 1266 1172 anto

165 1217 349 1295 διαβάλλειν.
396 1216 461 1301 Ipsi
485 1216 532 1279 illi
556 1216 736 1279 calumniari
760 1216 935 1281 studebant.

208 1331 278 1413 §8.
324 1327 410 1391 δεινὸν
440 1325 469 1391 δὲ
500 1350 548 1403 μοι
579 1326 656 1389 δοκεῖ
681 1322 752 1391 είνοιι
786 1352 813 1392 κ.
842 1352 870 1391 τ.
894 1329 917 1392 ἑ.
953 1329 1193 1412 Argumentatio
1216 1337 1266 1392 est

164 1438 401 1517 „coniecturalis
410 1438 440 1516 ,'’
472 1460 571 1520 neque
602 1445 703 1501 tomen
735 1445 895 1522 propterea
923 1436 1016 1522 Lysis
1039 1439 1179 1523 indigna.
1213 1439 1263 1502 Cf.

166 1553 219 1613 24.
244 1554 274 1612 9.

209 1661 280 1743 §9.
326 1658 368 1722 ἔτι
401 1655 531 1734 δὀίμοιι
562 1657 731 1735 θυομοιστθν
759 1658 872 1738 νομίζω.
918 1658 1110 1722 Postremum
1131 1660 1266 1724 voeabu-

166 1768 231 1832 lum
255 1767 428 1831 delendum.
475 1770 535 1839 Ὠς
558 1767 685 1832 θθικοῦσι
708 1776 790 1831 recte
813 1767 1008 1832 emendatum
1031 1768 1216 1852 aKopsero.

211 1880 227 1962 p
254 1880 303 1940 lo.
350 1879 402 1949 τίον
432 1875 540 1951 βουλὴν
571 1875 716 1956 ἐλοιδόρει,
741 1875 865 1958 φοίσκυν
887 1876 1071 1942 συνεστσίνοοι.
1119 1877 1170 1941 Ne
1193 1880 1265 1962 quis

167 1987 319 2051 desideret
341 1986 586 2050 additamentum
610 1985 735 2069 aliquod
759 1987 855 2052 veluti
879 1988 927 2052 ἔτι)
951 1989 1051 2068 ὀλέθρῳ
1073 1997 1127 2062 τῆς
1147 1991 1264 2062 πόλεως

165 2110 218 2162 out
246 2098 331 2174 sim,
368 2098 405 2161 ol.
439 2097 526 2160 Dem.
557 2097 587 2159 in
613 2097 739 2181 Aristog
762 2096 778 2159 I
802 2099 868 2182 (25)
894 2101 952 2161 64:
977 2100 1035 2174 ἐγὼ
1057 2103 1141 2176 μόνος
1165 2100 1265 2171 εὔνους

166 2210 249 2286 ὑμῖν·
271 2208 381 2278 τοίντες
401 2204 477 2272 οὗτοι
496 2211 668 2284 συνεστῖισι,
689 2207 861 2288 προδέδοσθε.
898 2209 992 2272 Arist.
1009 2208 1090 2293 Equ.
1109 2211 1193 2272 862:
1210 2212 1266 2274 κοιί

165 2320 198 2394 μ’
213 2319 244 2380 σθ
260 2316 378 2391 λέληθεν
393 2315 470 2380 οὐδὲν
486 2317 513 2379 ἐν
529 2325 566 2397 τῇ
583 2314 667 2380 τθλει
682 2315 889 2394 ξυνιστοίμενον
907 2317 1028 2400 (‚,nulle
1044 2320 1264 2404 coniuratio'').

209 2428 226 2510 p
252 2428 301 2489 13.
348 2425 420 2496 είιιθς
442 2426 547 2506 τοίνυν,
572 2421 592 2488 ὦ
615 2425 711 2506 ἄνδρες
735 2426 890 2502 δικοιστοιί,
914 2429 1093 2506 ἕνθυμείσθυι
1116 2429 1168 2493 κοιί
1193 2431 1265 2496 o‘rro'-

164 2559 206 2600 σοι
239 2537 317 2612 ὑμῶν
347 2533 480 2615 ἐνόμιζον.
528 2534 575 2598 De
607 2535 797 2620 Cleophonte
827 2536 864 2599 cl.
898 2539 949 2601 13.
976 2540 1013 2615 8,
1038 2542 1076 2616 9,
1104 2542 1153 2602 12.
1204 2543 1266 2604 Κοιί

165 2646 269 2709 abesse
293 2643 384 2707 debet
391 2669 400 2720 3
425 2643 464 2706 ad
488 2665 539 2707 eos
563 2651 684 2708 tontum
707 2644 877 2708 admonitio
902 2647 1052 2730 pertinet,
1073 2648 1127 2730 qui
1143 2649 1264 2715 malum

165 2755 260 2818 civem
285 2751 507 2838 Cleophontem
533 2753 701 2837 putabant,
726 2776 789 2816 non
813 2753 849 2817 ad
875 2754 1019 2838 reliquos.
1064 2757 1265 2824 Demonstro-

166 2865 262 2927 tivum
286 2863 433 2926 omissum
459 2870 494 2925 ut
518 2865 570 2924 22.
595 2863 655 2938 21,
681 2864 733 2925 23.
759 2865 788 2925 4.

210 2974 226 3058 p
254 2975 303 3035 15.
350 2972 408 3060 Κοιί
431 2979 502 3035 onte
525 2979 577 3045 τῆς
600 2972 712 3043 εθνοίοις
735 2971 910 3038 delendum.

209 3084 226 3166 p
252 3085 302 3146 16.
348 3080 479 3144 Deleudi
512 3088 614 3164 potest
644 3081 686 3146 ἔτι
710 3081 740 3144 δὲ
762 3083 814 3145 κοιί
837 3083 868 3145 in
893 3084 952 3147 fine
976 3085 1069 3149 huius
1093 3088 1261 3168 sectionis;

165 3214 234 3255 nom
266 3191 297 3254 in
328 3190 462 3274 proxime
486 3190 669 3274 praegressis
697 3190 735 3254 de
760 3189 820 3254 olio
842 3214 875 3255 re
898 3215 998 3257 sermo
1022 3203 1085 3273 est,
1110 3219 1206 3280 quam
1230 3201 1264 3264 in

167 3300 222 3364 bie.
271 3298 328 3363 Por
360 3298 450 3362 verba
478 3295 515 3362 ὧν
544 3303 597 3376 μὲν
627 3298 705 3364 θικιον
737 3300 827 3366 ἕτοιθε
850 3304 1011 3387 respicitur
1035 3307 1073 3369 od
1098 3307 1263 3388 exsilium,

166 3407 249 3493 quod
273 3431 333 3472 non
359 3416 466 3492 sponte
491 3430 547 3472 suo
569 3417 762 3494 susceperat,
788 3411 825 3475 de
850 3434 911 3495 quo
930 3413 962 3476 in
978 3416 1122 3498 proximis
1140 3417 1263 3484 dietum

167 3541 226 3583 non
260 3524 333 3581 erar.
382 3517 473 3581 Recte
504 3519 601 3602 igitur
631 3542 663 3582 se
695 3519 785 3583 habet
815 3520 857 3585 ἔτι
886 3522 916 3586 δὲ
938 3525 1007 3599 κυί,
1032 3531 1060 3589 et
1079 3533 1261 3609 praetereo,

167 3648 221 3692 nuo
245 3650 322 3712 opus
346 3636 381 3691 ut
405 3628 556 3692 scribetur·
580 3630 692 3704 κοιίτοι,
718 3630 801 3712 quod
824 3631 971 3696 sollemne
992 3642 1038 3696 est
1053 3635 1085 3697 in
1102 3635 1261 3720 euthyme-

167 3743 246 3799 ruoto
270 3758 306 3799 ox
331 3738 476 3822 proximis
499 3737 602 3801 ductu.
647 3737 736 3802 Ratio
761 3741 995 3824 argumentandi
1018 3750 1136 3807 oratore
1152 3747 1260 3812 Attico

166 3843 259 3930 digno
283 3853 339 3910 ost.
386 3844 434 3910 cf.
460 3850 513 3910 31.
539 3849 580 3910 24
605 3847 663 3910 sub
687 3847 708 3911 f.

209 3956 226 4040 d
253 3956 301 4019 17.
349 3953 420 4019 Non
445 3957 604 4040 perspicuo
626 3963 700 4020 sunt
724 3957 814 4020 verba
836 3960 861 4023 εί
884 3959 985 4035 νόμους
1008 3962 1100 4037 ἐτίθην
1119 3965 1182 4044 τερί
1203 3975 1257 4038 τῆς

164 4065 353 4146 οὶνοιγριιφῆς.
402 4065 469 4128 lloo
492 4066 575 4143 vult,
600 4067 724 4151 opinor:
750 4068 862 4132 iniuria
885 4071 961 4134 mihi
984 4073 1090 4138 obiicit
1112 4073 1257 4138 Nicoma·

165 4171 257 4249 olins,
291 4173 374 4258 quod
406 4174 523 4238 uultum
552 4175 676 4240 deorum
702 4177 865 4256 imminu03
890 4181 916 4243 si
940 4181 977 4245 de
1000 4184 1200 4248 rescribendis
1226 4192 1258 4249 et

166 4281 321 4345 rnntondis
337 4281 456 4367 legibus
472 4284 564 4347 sacris
581 4285 703 4364 ferrem,
722 4309 791 4351 vera
806 4287 936 4368 diceret,
953 4291 997 4356 ita
1009 4293 1042 4357 in
1053 4293 1256 4379 religionibus
