2850 5024
743 366 785 429 ⁶⁰

219 589 282 630 non
307 573 458 630 notatum.
506 567 609 650 Atque
639 565 715 629 talia
744 564 854 650 Lysiae
881 565 1040 650 aequalem
1070 562 1228 649 scripsisse
1250 585 1310 650 pu-

218 676 367 740 tubimus!

263 789 381 853 Similia
404 787 470 851 aliis
494 809 616 872 quoque
639 787 714 851 locis
738 787 1028 872 deprehendantur,
1053 808 1133 870 quae
1154 786 1245 851 mitto
1270 808 1311 849 ne

217 922 281 964 rem
304 908 403 964 actam
427 922 524 984 agam.
570 899 797 963 Tantummodo
821 898 859 962 de
883 897 1086 982 quibusdam,
1109 918 1188 980 quac
1206 917 1312 960 emen·

217 1013 283 1076 dari
306 988 441 1096 possint,
466 1012 648 1075 sententiam
671 1032 850 1096 proponam.

262 1124 280 1206 d
304 1124 356 1185 13.
379 1121 478 1187 ’ma
500 1121 575 1197 λέξει
600 1123 685 1186 δεινὸν
707 1119 796 1204 εἶναι,
821 1122 845 1187 εί
867 1122 881 1186 ὃ
904 1123 958 1197 μὲν
979 1121 1107 1198 μηνυτὴς
1125 1119 1167 1185 τὰ
1185 1118 1312 1200 ἔσχαται

217 1234 366 1308 τείσεται,
396 1235 420 1298 α’
452 1233 481 1298 δὲ
508 1233 678 1309 μηνυθέντες
708 1239 764 1298 τῶι
796 1236 889 1298 αὐτῶν
917 1234 984 1310 ὑμῖν
1005 1230 1133 1308 ἐπίτιμοι
1156 1231 1234 1305 ὄντες
1257 1255 1312 1309 με·

216 1344 334 1421 ίέξαισι.
381 1345 480 1410 Καίτοι
504 1348 561 1426 οὐχ
584 1345 652 1425 ὑπὲρ
676 1346 766 1410 αὑτοῦ
788 1346 1027 1427 ἀπολογήσεται,
1051 1344 1149 1409 abab
1170 1342 1230 1408 aui
1251 1347 1310 1408 τῶν

216 1456 315 1522 ἄλλων
345 1461 536 1539 κατηγορήσει
593 1457 631 1522 In
664 1458 712 1522 his
743 1458 794 1522 καί
823 1465 894 1543 post
919 1457 1003 1522 ἄλλα
1025 1478 1088 1520 nou
1111 1462 1159 1520 est
1180 1460 1309 1540 aptum3

216 1592 278 1634 non
310 1570 390 1634 enim
422 1592 453 1632 se
476 1569 580 1655 ipsum
602 1591 670 1633 cum
694 1569 819 1652 reliquis
844 1575 1042 1634 accusaturus
1065 1574 1147 1643 σταῖς
1170 1565 1310 1648 reliquas

217 1690 281 1744 erat
303 1687 517 1757 accusaturus,
538 1681 592 1764 qui
615 1680 725 1764 impios
747 1688 922 1765 receperant
944 1681 976 1743 in
1000 1679 1124 1756 urbem,
1149 1700 1181 1741 se
1203 1677 1308 1761 ipsum

216 1815 279 1855 nou
310 1791 498 1855 defensurus
545 1790 657 1855 Facilis
690 1799 736 1855 est
759 1799 789 1856 et
813 1814 882 1856 vera
903 1790 1076 1855 emendatio
1099 1788 1226 1855 Sluiteei
1248 1789 1310 1868 οὐχ

216 1901 291 1974 ὅπως
317 1903 396 1983 ὑτὲρ.
444 1901 526 1967 Nam
550 1904 639 1967 facile
664 1911 769 1967 notam
791 1903 933 1968 vocabuli
957 1899 1032 1975 ὅπως
1056 1901 1147 1987 (011⁷)
1168 1899 1311 1986 petuisse

219 2013 361 2079 excidere
384 2020 454 2078 ante
476 2015 546 2095 ὑπὲρ
568 2017 700 2100 quisque
725 2015 815 2080 videt.
1216 2083 1217 2086 ,

261 2124 440 2208 Sequuntur
462 2125 554 2190 haee:
583 2128 650 2199 τοὺς
674 2128 728 2206 μὲν
750 2125 795 2192 οὖν
818 2127 926 2198 ἄλλους
949 2128 974 2191 οἱ
997 2125 1191 2202 ἐπιτάξαντες
1212 2146 1310 2190 acra·

215 2235 350 2310 δέξασθαι
375 2236 518 2318 ἀδικοῦσι,
543 2237 593 2301 καὶ
617 2243 667 2302 τοῦ
688 2239 777 2303 αὐτοῦ
793 2237 986 2328 ἀσεβήματος
1001 2236 1088 2302 αίτισί
1101 2238 1179 2302 εἰσιν.
1203 2234 1310 2320 Igitur

216 2370 278 2411 uon
312 2353 420 2431 sponte
456 2369 512 2410 sua
546 2347 643 2431 egisse
673 2348 753 2412 cives
785 2348 837 2411 sed
867 2347 1005 2432 impulsu
1034 2347 1221 2429 διρραιγίρωι,
1246 2347 1309 2431 ·q·ui

216 2465 376 2544 propterea
413 2457 519 2521 eodem
548 2459 714 2543 impietatis
746 2461 871 2525 crimine
901 2483 934 2523 se
962 2459 1189 2544 implicaverint
1218 2457 1306 2522 dicit.

214 2570 250 2634 Ei
273 2569 298 2633 δ’
318 2570 401 2645 ὑμεῖς
424 2568 633 2651 αὐτοκράτορες
657 2567 735 2649 ἦτε,
762 2571 821 2636 καί
853 2573 933 2637 ἐστὲ
954 2573 979 2636 αἱ
1001 2569 1163 2654 αφελίντες
1185 2569 1242 2642 ταὶς
1266 2592 1309 2635 τι·

213 2681 323 2758 μωρίας
345 2683 401 2744 τῶι
422 2680 504 2760 θεῶν,
529 2680 601 2744 αλλ’
623 2684 681 2762 οὐχ
704 2679 779 2747 οὗτοι
800 2681 883 2748 αίτια
899 2682 1021 2748 ἔσονται.
1057 2683 1107 2746 Ita
1123 2683 1225 2746 locum
1239 2702 1309 2744 cor·

213 2799 339 2874 ruptum
370 2813 406 2854 ex
436 2790 578 2855 Palatino
601 2792 698 2856 edidit
720 2793 857 2858 Scheibe.
898 2794 977 2859 Ἧτε
1004 2802 1039 2858 et
1069 2784 1135 2859 ἐστέ
1158 2792 1308 2877 reliquiae
1362 2798 1367 2804 ’

214 2911 287 2979 sunt
310 2903 425 2966 lacerae
448 2926 536 2968 verae
560 2906 715 2983 lectionis3
740 2894 833 2970 καιά
855 2906 987 2970 librariis
1011 2903 1163 2970 adiectum
1183 2903 1307 2968 videtur

211 3012 279 3076 loco
296 3014 357 3077 iam
376 3014 555 3100 depravato'3
576 3017 641 3081 eius
660 3018 758 3082 forma
776 3020 819 3082 sic
840 3025 942 3103 potest
959 3018 1080 3081 restitui
1098 3016 1306 3110 αὐταιράτορες

213 3129 545 3204 ...ιι.τε....εσίε,
579 3135 614 3192 ut
646 3128 703 3192 hoc
735 3129 808 3192 olim
831 3128 942 3193 lectum
967 3129 1024 3193 sit:
1048 3129 1072 3193 εί
1096 3126 1120 3191 δ’
1144 3129 1228 3205 ὑμεῖς
1251 3130 1305 3193 αὖ·

212 3234 376 3315 ταιριίταρες
405 3238 576 3318 ἀφήσετε
599 3241 706 3317 ὑμεῖς
730 3241 839 3306 ἔσεσθ’
861 3242 886 3306 ei
908 3242 1060 3312 αιελόιτες
1082 3239 1138 3311 τὰς
1162 3239 1303 3319 τιμωρίας

211 3351 266 3410 τῶν
294 3347 378 3425 θεῶν,
410 3349 481 3425 „sin
512 3372 610 3428 nunc,
640 3350 714 3414 dum
737 3359 873 3416 vestrum
896 3352 1056 3416 arbitrium
1079 3357 1143 3428 est,
1167 3348 1304 3414 Andaei-

211 3456 304 3535 „dem
331 3458 539 3537 absolveritis,
568 3462 728 3546 apparebit
749 3484 803 3525 vos
827 3485 892 3526 esse
915 3485 984 3540 eos,
1009 3463 1063 3548 qui
1086 3451 1214 3525 deorum
1236 3460 1303 3524 vin·

212 3569 346 3646 „dictam
377 3572 419 3655 (et
446 3594 528 3635 nunc
552 3580 583 3636 et
605 3573 679 3637 olim
702 3596 798 3658 quum
821 3575 932 3660 reliqui
954 3575 1070 3660 recepti
1092 3575 1176 3657 sunt)
1199 3577 1303 3635 sustu-

211 3679 307 3743 leritis
331 3683 404 3764 (non
428 3681 612 3768 demagogos
636 3685 690 3768 qui
713 3685 787 3748 olim
809 3685 896 3749 vobis
915 3683 1150 3769 persuaserint?
1185 3681 1302 3745 Similis

212 3794 435 3875 argumentatio
459 3801 504 3858 est
531 3798 581 3860 12.
607 3799 647 3859 90
658 3845 667 3874 ,
691 3819 736 3881 sq.
773 3796 823 3860 Ad
845 3797 973 3860 formam
996 3795 1142 3860 orationis
1161 3794 1198 3858 cf.
1216 3793 1300 3857 And.

214 3903 243 3964 1.
272 3904 329 3967 17:
354 3905 367 3968 ὃ
391 3905 421 3969 δὲ
444 3906 549 3977 τείσας
572 3907 622 3971 καὶ
645 3907 775 3984 δεόμενος
799 3910 855 3986 ἐγὼ
880 3905 898 3984 ἦ
920 3907 1065 3982 μαλιστα.
1099 3904 1218 3990 Lysl.
1239 3907 1300 3982 19,

212 4014 242 4076 3.
275 4015 335 4092 46,
365 4019 395 4080 4.
419 4020 455 4079 4:
480 4022 584 4098 σαφῶς
608 4017 681 4095 ἔρια
706 4017 734 4083 τ’
757 4017 793 4083 ἂν
816 4017 859 4083 ὅτι
883 4022 965 4097 ἡμεῖς
989 4014 1061 4098 riusa
1084 4015 1172 4082 αὐτὸν
1195 4015 1219 4080 οἱ
1242 4038 1302 4095 κρι-

213 4125 266 4198 τὴν
287 4125 480 4203 ἐμβαλόντες.
1243 4184 1245 4188 .

255 4236 272 4319 d
298 4238 348 4300 16.
390 4237 472 4301 Φασὶ
497 4237 527 4302 δὲ
557 4239 607 4303 καί
639 4246 695 4304 τῶι
723 4241 868 4315 Ἐλλήνων
898 4242 1023 4312 πολλοὺς
1054 4239 1101 4304 διὰ
1130 4237 1171 4304 τὰ
1202 4237 1302 4301 ἐνθάδε

211 4346 397 4426 ατεβιὶματα
427 4350 460 4413 ἐκ
486 4354 542 4412 τῶι
564 4353 633 4430 παρ’
656 4353 754 4421 αὐτοῖς
778 4353 854 4431 ἱερῶν
877 4350 1022 4432 ἐξείργειν.
1067 4349 1224 4429 Ἐξείργειι
1247 4348 1301 4412 ab·
1377 4376 1386 4393 ·
