2850 5024
617 358 678 420 159

104 560 211 615 contra
240 554 273 616 in
304 553 405 617 verbis
437 553 548 628 ταύτην
579 556 631 619 τὴν
662 578 731 620 κατ.
762 556 862 630 ἱκανὴν
885 551 955 618 εἶναι
980 553 1134 637 cogitatur
1159 553 1199 616 de

103 662 171 725 aliis
203 664 468 741 accusationibus,
502 687 580 749 quae
612 688 678 730 cum
711 672 772 729 icm
803 670 884 731 dictu
908 664 1090 728 sufficerent.
1137 662 1199 725 Illa

104 771 236 838 lectione
267 774 357 858 plura
387 797 450 838 non
481 776 685 860 exspectanda
717 799 800 853 esse,
833 798 911 859 quae
940 778 1061 859 plenam
1084 773 1200 836 faciant

103 884 345 962 accusationem,
372 885 428 948 bac
448 907 511 948 non
532 890 595 950 σίίσ
614 893 643 952 et
661 909 736 953 πονο
755 887 885 950 crimina
908 885 1110 969 significatur.
1143 881 1200 944 Vc·

101 1001 274 1058 rumtamen
293 1016 390 1077 quum
402 997 515 1070 ταύτην
534 999 586 1071 τὴν
600 999 778 1076 κατηγορίαν
797 998 889 1060 etiam
902 995 1073 1080 significare
1086 993 1198 1076 possit:

102 1102 177 1166 haec
200 1106 373 1182 accusatio,
398 1110 498 1188 poclm
521 1115 575 1171 aut
598 1129 654 1190 quo
676 1111 760 1172 modo
785 1131 802 1170 a
824 1129 873 1170 me
891 1105 1063 1190 profertur,
1089 1104 1202 1167 articn.

101 1210 151 1274 lus
175 1212 248 1276 ferri
271 1222 382 1298 potest.
421 1215 568 1280 Ceterum
591 1240 671 1281 nova
694 1218 821 1281 crimina
844 1238 905 1280 non
932 1216 994 1280 fere
1018 1214 1200 1278 afferuntur.
1267 1274 1271 1283 ,

145 1323 215 1405 ῤ8.
259 1323 382 1397 Ἄνυτος
415 1325 439 1388 δ’
462 1325 565 1402 ἔλεγεν
597 1329 633 1399 ὡς
661 1333 712 1391 τοῦ
745 1327 876 1406 προτέρου
908 1331 1072 1405 χειμῶνος,
1104 1325 1200 1398 ἐπειδὴ

102 1431 196 1506 τίμιος
224 1429 257 1507 ἦν
285 1434 298 1496 ὅ
327 1441 424 1509 σῖτος,
450 1435 559 1500 τούτων
583 1439 650 1520 (τῶν
673 1439 851 1520 σιτοπωλῶν)
875 1435 1124 1515 ὑπερβαλλόντων
1146 1436 1202 1496 οίλ-

101 1541 208 1612 λιίλονς
230 1543 281 1606 καὶ
305 1545 373 1622 πρὸς
396 1549 480 1627 σφοῖς
505 1547 610 1619 αὐτοὺς
633 1547 813 1627 μαχομένων
837 1546 1084 1623 συμβουλεύσειεν
1099 1545 1200 1613 αὐτοῖς

102 1651 272 1716 παύσασθαι
299 1659 521 1733 φιλονεικοῦσιν.
569 1656 666 1719 Pauci
698 1657 813 1736 ἔροποροι
844 1654 1038 1719 advehebant
1071 1653 1202 1716 frumen-

100 1766 186 1836 tum;
221 1761 327 1846 itaque
362 1764 513 1848 sitopolae
554 1767 693 1830 certatim
730 1766 767 1829 ab
791 1765 839 1828 bis
863 1765 1027 1840 emebant,
1052 1770 1203 1845 quantum

101 1868 170 1953 lege
192 1873 433 1951 concedebatur3
460 1898 495 1938 aa
519 1876 746 1939 concertatione
762 1875 897 1959 pretium
915 1872 1096 1957 augebatur.
1121 1870 1201 1934 Tum

104 1979 200 2061 igitur
224 1983 346 2066 Anytus
370 1986 463 2067 (unus
488 1991 544 2049 τῶν
567 1986 784 2068 οιτοφυλοίκαν)
808 1990 947 2048 suaserat
970 1984 1008 2046 iis
1032 1989 1068 2045 ut
1092 2005 1109 2044 a
1132 2002 1201 2044 con-

105 2090 272 2155 certatione
303 2092 485 2158 desisterent
515 2098 684 2160 παύσασθαι
715 2101 929 2178 φιλονεικοῦσιν.
974 2091 1137 2173 Quomodo
1162 2090 1202 2154 ef·

103 2179 226 2280 fecerit,
258 2211 294 2266 ut
323 2204 409 2267 illam
440 2205 642 2270 licitationem
673 2209 867 2284 omitterent,
893 2229 956 2269 non
980 2204 1122 2280 additur;
1148 2203 1201 2266 sed

104 2309 170 2373 fieri
202 2320 321 2395 potest,
354 2322 390 2377 ut
421 2315 571 2399 sitopolae
603 2317 748 2380 societate
782 2318 859 2380 inita
891 2315 1047 2378 communi
1071 2313 1201 2377 consilio

105 2420 238 2501 pretium
270 2424 488 2488 constituerint
520 2432 551 2489 et
581 2428 719 2490 emerint.
767 2426 845 2490 lnde
873 2434 977 2490 tamen
1000 2445 1062 2487 non
1086 2424 1201 2487 factum

105 2552 170 2592 esse
201 2531 331 2610 videtur,
364 2541 399 2598 ut
430 2536 510 2599 cives
534 2539 608 2600 satis
633 2537 875 2613 sublevarentur,
901 2558 996 2619 quum
1022 2543 1141 2618 partem
1166 2533 1199 2594 in

105 2639 222 2703 horreis
245 2641 433 2726 deponerent
457 2647 607 2731 sitopolae
631 2649 824 2731 (κατέθεντο),
849 2670 911 2710 non
932 2645 1098 2709 venderent
1110 2642 1202 2726 plura

106 2771 200 2834 quam
223 2772 293 2815 cum
317 2752 403 2817 lucro
427 2755 525 2818 facere
548 2770 684 2839 possent.
732 2756 817 2820 Haec
841 2756 867 2818 si
891 2764 973 2819 recte
996 2776 1034 2817 ex
1055 2752 1152 2815 verbis
1164 2754 1200 2821 ὡς

106 2861 197 2925 τοίνυν
227 2864 258 2926 οὐ
285 2863 519 2943 συμπριαμένους
542 2865 720 2930 καταθέσθαι
745 2867 874 2930 ἐκέλευεν
899 2864 1005 2935 αὐτούς
1031 2861 1134 2938 effeci,
1158 2861 1202 2924 in·

106 2970 266 3054 tellegitur
297 2972 444 3057 sitopolas
475 2974 589 3058 legem,
623 2997 683 3058 qua
711 2975 898 3039 iubebantur
920 2973 1014 3052 ὀβολῷ
1038 2971 1121 3047 μόνον
1145 2995 1203 3033 πω·

106 3087 168 3144 λεῖν
191 3082 356 3160 τιμιώτερον
381 3083 509 3148 elusisse
533 3085 583 3168 (cl.
607 3087 624 3169 φ
649 3087 711 3167 12).
751 3083 915 3163 Quomodo
936 3089 1040 3146 autem
1056 3081 1094 3143 ad
1107 3080 1203 3163 Anyti

107 3193 332 3276 praescriptum
367 3216 531 3278 provocare
566 3196 724 3279 potuerint
757 3216 840 3258 nuno
875 3193 964 3257 facile
995 3190 1187 3272 intellegitur
1192 3215 1201 3264 ;

109 3310 247 3364 suaserat
283 3302 338 3365 ille
372 3306 591 3383 συμπρίασθαι,
628 3313 665 3368 ut
699 3305 731 3368 in
759 3326 919 3368 commune
943 3308 1095 3378 emerent;
1120 3321 1204 3362 nunc

108 3409 154 3472 illi
184 3410 275 3474 licere
307 3412 367 3475 sibi
400 3413 508 3478 dicunt
538 3416 605 3477 eius
641 3415 823 3479 auctoritate
855 3435 990 3478 coemere
1015 3425 1046 3475 et
1070 3410 1204 3494 pretium

109 3521 254 3585 emtionis
279 3525 482 3601 constituere,
507 3524 617 3588 callide
640 3524 781 3588 vocabuli
806 3523 1040 3607 ambiguitatem
1062 3521 1092 3583 in
1112 3541 1204 3582 suum

108 3630 304 3695 commodum
328 3640 491 3698 vertentes.

151 3742 168 3823 b
194 3743 243 3803 13.
290 3743 340 3823 ἐφ’
363 3739 403 3814 οἷς
424 3744 453 3808 δὲ
488 3745 599 3817 οίνατίς
622 3747 730 3830 [ἐστιν]
751 3749 767 3820 ἡ
785 3744 877 3825 ζημία
894 3742 943 3806 καί
959 3741 1058 3805 λαίείν
1073 3739 1201 3823 [αὐτοῖς]

107 3850 260 3929 συνέφερε,
285 3854 374 3918 ταῦτ’
397 3857 444 3919 ἐπ’
467 3857 562 3938 εὐνοία
584 3855 662 3936 φασί
684 3864 720 3935 τῇ
741 3854 867 3935 ὑμετέρα
890 3859 1108 3930 παρανομῆσαι.
1141 3845 1204 3909 No-

107 3965 173 4021 tata
201 3961 293 4024 verba
327 3963 432 4027 malim
463 3965 578 4029 abesse.
611 4004 655 4014 —
678 3963 892 4044 Ἀναρποίζουοι
918 3961 1052 4029 sectione
1081 3961 1138 4033 15,
1165 3957 1202 4019 dc

110 4089 170 4151 quo
188 4069 279 4133 verbo
296 4073 370 4135 satis
386 4074 486 4137 multa
499 4074 662 4151 Reiskius‚
681 4072 861 4157 simpliciter
877 4071 1049 4154 significare
1067 4068 1201 4131 videtur:

108 4177 271 4263 (debitum)
294 4181 384 4245 nobis
408 4185 614 4268 praeripiunt,
639 4183 677 4247 ab
698 4205 748 4246 ore
765 4183 892 4265 rapiunt
911 4179 961 4263 (cf.
982 4179 1049 4242 Liv.
1071 4176 1115 4240 H.
1136 4177 1201 4260 35).

153 4288 170 4371 b
197 4292 246 4352 16.
271 4288 344 4355 Non
361 4292 592 4358 sollicitandum
608 4315 749 4378 praesens
765 4294 981 4371 ἀποκληροῦτε,
999 4286 1083 4370 quod
1101 4284 1202 4347 Mark-
