2850 5024
770 389 809 450 76

242 585 350 657 τούτοις
374 592 481 666 πρῶτον
504 587 591 657 αὐτὸς
615 593 749 667 περιεῖναι
774 586 830 651 δεῖν
854 590 948 653 αὐτῶν
972 589 1021 653 καί
1045 585 1330 669 μεναλοψνχοίιερος

241 696 404 778 φαίνεσθαι.
439 696 487 760 Id.
505 699 557 761 44.
575 698 616 758 29
628 722 634 759 :
647 696 736 762 οίεται
752 697 807 762 δεῖν
824 698 1037 778 παρατάττοι
1053 699 1119 772 τοὺς
1134 698 1237 776 νόμους
1255 699 1331 762 οίτο-

241 815 378 901 στερῆσαι
401 809 480 884 ἡμεῖς
504 815 556 883 τῆς
574 810 768 889 κληρονομίας.
793 809 839 873 Of.
862 809 905 875 ib.
928 813 980 874 28.
1004 813 1103 875 et24.
1123 812 1197 873 181.
1233 808 1333 873 Isocr.

243 921 272 982 9.
299 921 358 982 30:
381 921 439 999 οὐχ
462 920 595 995 ἡγήσατο
617 920 673 985 δεῖν
695 921 798 1003 χωρίον
818 921 919 1005 ὀχυρὸν
935 920 1332 1001 καταλαβὼν-περιιδεῖν.

286 1029 335 1094 Ad
359 1029 456 1114 legem
479 1029 556 1102 ὅστις
579 1029 602 1095 δ’
625 1032 746 1097 οίτίλλει
765 1041 802 1111 τῇ
826 1032 910 1116 θύρα,
935 1031 1007 1098 ἔνδον
1031 1039 1082 1098 τοῦ
1106 1033 1234 1098 κλὲττον
1249 1031 1332 1105 ὄντος

236 1142 253 1225 p
283 1142 321 1205 17
354 1140 487 1225 respexit
517 1141 737 1227 Aristophanes
769 1142 885 1207 Ecclee.
917 1146 999 1207 420:
1032 1143 1065 1219 ἢν
1089 1142 1112 1207 δ’
1135 1147 1271 1226 durmin
1294 1153 1334 1224 τῇ

235 1250 303 1333 θύρα
323 1258 464 1332 χειμῶνος
486 1251 581 1329 ὄντος,
605 1261 681 1335 τρεῖς
705 1252 822 1335 σισύρας
846 1254 996 1336 ὀφειλέτω.

280 1364 372 1447 cla.
418 1363 637 1448 Fragmentum
666 1364 760 1449 legis:
791 1364 824 1429 τί
857 1366 988 1446 ἀργύριον
1015 1365 1158 1443 στοίσιμον
1181 1362 1253 1431 εἶναι
1276 1368 1330 1449 ἐφ’

236 1472 329 1554 ίτίοῳ
352 1472 389 1537 ἄν
409 1473 554 1551 βούληται
577 1475 591 1539 ὃ
616 1475 747 1555 δανείζων
770 1475 898 1560 abipso
923 1484 1041 1540 oratore
1057 1476 1228 1561 explicatur
1243 1477 1331 1542 τόκον

238 1582 457 1664 τροίττεσίαι
487 1584 588 1650 ὁπόσον
618 1583 654 1648 tv
683 1584 846 1664 βούληται,
880 1586 963 1671 quod
995 1609 1064 1650 cum
1087 1587 1231 1667 στοίσιμον
1254 1585 1331 1654 εἶναι

237 1716 343 1779 parum
359 1697 524 1759 convenit.
571 1693 763 1781 Legepdum·
782 1703 858 1781 puto
881 1696 914 1761 τὸ
938 1697 1069 1778 ἀργύριον
1092 1723 1138 1763 στ.
1164 1701 1251 1764 θεῖναι
1277 1701 1331 1782 ἐφ’

237 1805 330 1887 tntae
352 1831 379 1870 κ.
403 1833 431 1874 τ.
456 1808 496 1883 i„
520 1814 586 1872 tum
610 1808 643 1872 τὸ
666 1809 843 1887 στοίσιμον
867 1811 982 1873 ίείναι
1005 1813 1083 1875 τοῦτ’
1107 1812 1184 1876 ἔστιν
1202 1837 1230 1876 κ.
1251 1836 1281 1878 τ.
1304 1813 1330 1878 ἑ.

237 1918 257 1981 i.
271 1908 567 1997 θ.ι11ιαίστοίσιμον
578 1921 690 1986 ίεῖναι
702 1925 839 2002 (elucere)
850 1944 906 1986 αοιι
919 1929 964 1987 eat
976 1929 1089 1988 οίοίονο
1093 1925 1266 2009 ponderare
1273 1927 1333 1989 ced

238 2053 362 2096 νοαναιιι
380 2037 507 2122 δαίμονα
528 2039 667 2116 quantam
690 2037 823 2098 volucrit.
871 2031 957 2097 Num
979 2033 1070 2098 verba
1093 2036 1107 2097 ὁ
1133 2033 1266 2114 δανείζων
1291 2035 1332 2098 iu

237 2143 304 2227 lege
326 2144 393 2229 ipsa
416 2166 450 2208 eo
474 2145 541 2209 loco
564 2145 664 2230 posita
683 2145 796 2210 luerint
818 2169 857 2210 an
873 2146 1083 2231 explicationis
1099 2167 1190 2210 causa
1205 2144 1244 2209 ab
1261 2167 1331 2208 crc-

238 2260 304 2319 tore
335 2255 439 2320 addita
468 2278 530 2320 non
553 2255 692 2320 decerno.
740 2255 821 2321 Nam
844 2257 947 2321 omnia
971 2279 1048 2342 quae
1073 2255 1254 2342 exlegibus
1278 2279 1331 2321 ve·

238 2367 329 2431 tustis
361 2367 529 2432 afferuntur
559 2375 632 2432 sunt
661 2368 791 2453 abrupta
798 2394 807 2447 3
839 2367 1023 2446 identidem,
1042 2377 1087 2433 ¹et
1118 2370 1134 2454 d
1159 2369 1198 2432 17
1225 2369 1331 2452 (derey-

237 2483 370 2557 ννῖιν-
381 2478 560 2563 δρατιιιίζειν)
583 2485 614 2543 et
628 2481 645 2565 d
662 2481 701 2542 19
722 2479 796 2562 (ίσαι
807 2518 853 2528 -
863 2479 1000 2564 ὀφείλειν)
1017 2478 1203 2543 diversarum
1219 2464 1332 2564 legum

141 2620 145 2625 ·
237 2590 404 2675 particulae
426 2589 568 2675 deinceps
592 2598 749 2675 ponuntur
773 2590 837 2654 aine
861 2590 927 2654 ullo
950 2590 1083 2655 vinculo.
1108 2629 1153 2639 -
1173 2590 1331 2668 Στοίτιμον

236 2703 340 2770 τιθέναι
364 2694 480 2782 dictum
504 2710 550 2766 cst
572 2708 610 2766 ut
631 2704 761 2783 ἐνέχυρον
785 2701 888 2767 τιίὲναι
912 2726 951 2768 τι.
997 2701 1039 2766 Et
1061 2707 1153 2765 uotae
1169 2708 1243 2765 sunt
1258 2723 1335 2788 poe-

238 2815 318 2880 ticae
340 2814 493 2879 formulae
511 2811 607 2892 ἅλιον,
632 2815 786 2890 οίτνίντον,
812 2812 868 2878 νέον
891 2812 991 2889 θέμεν,
1016 2812 1084 2876 alia.

279 2927 371 3012 ολδ.
417 2925 504 3004 „Gur
535 2947 648 3010 poenas
680 2925 717 2990 ab
749 2947 784 2989 ec
814 2946 877 2988 non
906 2921 1094 3009 repeterem?
1138 2924 1223 2994 Τίνος
1247 2923 1330 2996 ὄντος

234 3035 298 3114 ε’μοί
328 3034 396 3118 τρίς
420 3038 498 3115 ὑμᾶς
522 3037 729 3114 ἕναλιίματοςς
754 3035 911 3113 Dobreus,
936 3033 1020 3118 quod
1042 3034 1167 3113 mirere,
1192 3034 1242 3098 hic
1265 3044 1329 3100 sta·

236 3146 298 3210 tuit
328 3147 408 3212 idem
437 3170 501 3212 esse
531 3145 673 3226 ἔγκλημα
704 3146 844 3225 γίγνεταί
872 3135 923 3223 μοί
943 3137 1011 3225 τροί
1034 3169 1100 3210 τινα
1124 3153 1154 3209 et
1177 3146 1230 3210 τινί
1254 3147 1327 3225 πρὸς

237 3257 299 3336 ἐμὲ.
323 3257 527 3343 „Exemplum
536 3307 545 3337 ,
557 3284 559 3293 ·
569 3258 689 3342 inquit,
713 3257 847 3323 notabile
867 3257 1059 3322 locutionum
1067 3306 1076 3336 ,
1093 3257 1148 3321 ubi
1163 3256 1195 3320 iu
1211 3279 1243 3320 re
1257 3279 1328 3322 mu·

235 3376 311 3448 „tua
333 3370 377 3433 nil
400 3369 508 3446 refert,
535 3377 640 3434 utrum
663 3369 746 3433 dicas
768 3373 808 3451 τῷ
831 3380 859 3435 A
883 3371 951 3450 τρδς
975 3368 1024 3433 τὸν
1046 3380 1068 3433 Β
1092 3353 1136 3431 νιι
1153 3370 1193 3449 τῷ
1216 3370 1325 3448 Βτιὸς

235 3483 305 3562 »τὸν
327 3482 387 3548 A.”
410 3482 448 3546 In
472 3489 547 3546 orat.
571 3490 677 3547 contra
699 3481 781 3546 Erat.
806 3483 853 3566 §2
875 3482 957 3565 (uam
972 3481 1055 3544 hunc
1070 3480 1173 3544 locum
1190 3479 1326 3564 primum

236 3595 358 3680 allegat)
374 3616 472 3658 sermo
489 3601 534 3658 est
546 3593 584 3658 de
595 3592 763 3658 inimicitiis
776 3591 888 3676 (ἔχθρα)
899 3618 907 3669 ;
922 3590 1089 3655 haesolent
1101 3613 1166 3654 csse
1176 3596 1324 3668 mutuae,

236 3707 318 3772 unde
340 3706 452 3771 licebat
471 3706 584 3770 oratori
604 3687 704 3770 dicere
723 3702 783 3780 ἥτις
803 3699 835 3776 ἦν
855 3706 953 3775 αὐτοῖς
973 3702 1041 3783 apic
1052 3703 1105 3777 τδν
1117 3702 1200 3766 πόλιν
1213 3699 1324 3781 ἔχθρα,

235 3820 296 3884 ἄνθ’
327 3815 391 3884 droa
418 3820 529 3882 τοιαῦτ’
552 3817 719 3895 ἐτίλμνταν
742 3817 781 3888 είς
805 3816 896 3890 αὐτὴν
920 3813 1146 3893 ἐξαμαρτάνειν,
1169 3834 1244 3895 quae
1267 3819 1327 3878 ini-

234 3935 365 3994 micitiae
394 3933 472 3994 ιἰιίον
504 3915 771 3994 coaetaneum
794 3930 1018 3992 intercesserunt
1039 3947 1094 4010 pro
1119 3927 1192 4008 quid
1214 3928 1326 3990 civiter

234 4046 336 4105 icccc
359 4044 523 4124 detineant.
569 4040 732 4125 Superiora
755 4039 885 4120 πρότερον
908 4039 962 4116 μὲν
984 4037 1044 4118 yar
1070 4038 1124 4103 ἔδει
1146 4037 1198 4111 τὴν
1213 4038 1325 4117 ἔχθραν

235 4154 300 4223 τοὺς
329 4160 560 4233 κατηγοροῦντας
592 4150 747 4230 ε’τιδεῖξαι,
777 4150 838 4226 ίίτις
861 4150 901 4225 είν
925 4152 992 4231 πρὸς
1016 4151 1081 4221 τοὺς
1104 4148 1271 4231 φεύγοντας
1295 4151 1325 4214 si

237 4263 334 4327 voluit
353 4264 493 4328 similiter
508 4263 675 4349 explicata,
693 4284 754 4327 non
772 4270 931 4347 cumputo
948 4283 1052 4325 verum
1068 4261 1188 4325 vidisse.
1214 4261 1322 4325 Animi

235 4377 436 4442 intentionem
475 4384 505 4442 et
539 4377 703 4441 fervorem
721 4373 879 4439 ostendere
919 4374 1045 4439 decebat
1076 4380 1224 4453 actorem,
1255 4397 1320 4439 non
