2850 5024
681 326 743 386 lue

162 523 340 597 hemandres
360 517 413 598 ονύ,
433 521 569 596 κειμένων
591 519 615 583 δ’
636 523 665 584 ἐν
684 531 742 602 γῇ,
768 520 858 585 τύλιν
881 526 942 588 ἐκεῖ
963 522 1187 599 ξύνιστονροὲνονς
1210 519 1258 584 κού

162 631 429 708 ύνοοβιωτκοιοένους
452 626 571 694 ἕτεσύοοι
593 640 631 709 τῇ
650 640 740 711 τροπῇ
759 668 805 678 -
824 633 863 702 εἷς
882 632 1027 696 τύνονντύιι
1045 640 1099 706 τῆς
1115 629 1258 708 γενέσεως

163 742 242 805 nihil
265 762 390 824 prorsus
414 739 564 824 probunt,
589 738 673 822 quod
697 740 729 802 in
753 740 856 823 priore
879 741 989 813 τούτοις
1007 739 1121 825 pendet
1136 739 1175 804 ab
1193 740 1261 819 ἐφε-

162 851 230 928 ξῆς,
248 852 280 914 in
297 850 392 914 altero
409 849 560 912 sententia
573 849 716 932 requirit,
730 850 905 927 ἑτύμενύν
921 854 1258 933 {announcement

208 963 225 1044 o
248 963 266 1022 9
291 959 349 1022 sub
371 959 423 1021 fin.
459 958 600 1021 Delendo
623 958 771 1023 librorum
791 958 955 1024 lectionem
970 966 1093 1025 τοιοῦτον
1109 956 1181 1024 εἶνοιι
1198 958 1257 1023 xci

164 1070 215 1133 ἔτι
239 1067 436 1146 τονηρύτερον,
464 1089 520 1152 pro
544 1090 605 1152 qun
627 1067 680 1131 alii
703 1069 751 1132 κού
775 1068 837 1132 ἔστι
860 1093 906 1150 τι,
935 1069 988 1133 alii
1011 1069 1061 1132 κού
1085 1067 1115 1132 τί
1138 1066 1180 1131 ἔτι
1205 1073 1259 1130 aut
1285 1046 1287 1051 Ι

163 1179 213 1241 κού
236 1179 275 1243 τί.
322 1176 481 1241 Sententia
504 1185 566 1240 est:
591 1177 759 1255 „miserum
782 1176 877 1239 talem
900 1176 989 1240 illum
1014 1197 1079 1239 esse
1103 1183 1157 1242 aut
1178 1176 1260 1260 peio-

164 1310 227 1351 rem
252 1286 374 1350 etiam.”
409 1285 456 1349 Of.
481 1286 580 1363 ὀλίγον
605 1287 678 1357 τινὸς
694 1285 767 1360 οὶξιόι
784 1285 846 1351 ἐστὶ
863 1285 912 1349 κού
929 1285 1057 1360 ούδενύς,
1074 1285 1153 1348 Plat.
1166 1285 1258 1369 Apol.

166 1399 218 1459 23.
244 1398 281 1458 A.
328 1397 428 1473 Μικροὶ
451 1400 500 1459 κού
524 1394 619 1470 οὐδέν,
644 1395 732 1459 Dem.
760 1399 811 1458 18.
839 1398 913 1458 104.
962 1394 1021 1461 Δύο
1045 1394 1095 1457 nal
1117 1395 1184 1474 τρίοι
1204 1394 1261 1471 βη-

164 1527 267 1580 μοιτοο,
292 1502 372 1566 Xen.
398 1504 458 1566 An.
479 1501 535 1566 IV.
562 1505 579 1567 7
584 1551 591 1565 .
621 1505 670 1565 10.
717 1503 775 1568 Kal
801 1541 847 1552 -
866 1504 918 1567 κού
933 1503 1118 1567 disiunctive
1136 1509 1263 1586 procui

165 1618 323 1697 ponuntur
346 1611 418 1694 Lys.
441 1612 493 1675 27.
519 1613 556 1673 3:
592 1612 701 1675 ἑτύτοιν
725 1613 754 1676 ἐν
776 1613 927 1691 χρύροοοσιν
951 1611 968 1692 ἦ
990 1612 1040 1676 κού
1065 1613 1186 1684 σωύῆνοοι
1210 1613 1263 1684 τὴν

165 1722 248 1786 τύλιν
279 1723 327 1786 κού
357 1723 411 1798 μή.
462 1724 512 1784 12.
539 1722 598 1782 26:
630 1722 680 1784 ἐστι’
709 1747 751 1786 σοι
774 1722 851 1802 μόνῳ
874 1722 988 1800 ἐγένετο
1011 1721 1062 1787 κού
1087 1726 1178 1785 σῶσοοι
1204 1729 1262 1784 Πο-

163 1832 314 1910 λέμαρχον
344 1829 393 1893 κού
421 1831 473 1904 μή.
520 1828 599 1892 Xen.
634 1829 717 1892 Hell.
746 1830 772 1893 I.
799 1833 827 1895 l.
854 1833 912 1894 28:
945 1830 1173 1912 διαψηφίζεσθαι
1207 1829 1259 1893 ε’ύν

166 1941 195 2005 τ’
219 1941 327 2004 οὶδικεῑν
349 1939 481 2015 δοκῶσιν,
506 1938 557 2002 ἐύν
580 1963 614 2001 τε
636 1939 688 2013 μή.
735 1936 808 2001 Non
832 1960 905 2002 sane
928 1939 1172 2002 demonstratum
1196 1945 1263 2001 erat

166 2050 372 2114 adversarium
395 2055 486 2113 etium
507 2053 638 2132 ροιονονι
661 2069 742 2125 esse,
769 2047 823 2110 sed
846 2054 912 2111 tota
935 2049 1011 2113 haec
1030 2047 1261 2132 argumentatio

167 2168 213 2224 est
235 2158 461 2222 coniecturalis.

212 2271 229 2352 d
255 2270 304 2331 10.
352 2266 434 2329 Mihi
456 2265 587 2329 obiicere
611 2286 703 2328 ausus
726 2273 772 2328 est
796 2266 867 2349 equi
890 2287 995 2343 usum,
1020 2266 1103 2331 ούτε
1125 2269 1187 2342 την
1211 2267 1269 2332 τύ-

166 2401 236 2456 χην
263 2376 401 2451 δεύσας,
425 2375 480 2438 ούύ’
503 2375 582 2450 ὑμᾶς
606 2374 781 2453 ούσχννύείς.
816 2373 863 2436 Ex
887 2375 1013 2437 adiectis
1037 2374 1147 2440 efficias
1171 2375 1265 2439 facile

167 2486 263 2564 τύχην
287 2484 375 2547 deam
398 2483 572 2566 significari.
608 2481 657 2546 Sic
679 2482 771 2562 Τύχη
794 2482 853 2545 hoc
876 2482 943 2546 loco
965 2493 1044 2548 esset
1060 2484 1117 2548 dea
1131 2485 1265 2562 vindex,

169 2614 247 2678 quae
279 2592 305 2654 si
337 2592 407 2676 quis
431 2613 501 2674 erga
524 2591 660 2655 infelices
684 2591 725 2653 sit
747 2591 979 2669 immisericors,
1002 2614 1115 2677 poenas
1140 2594 1265 2678 exigat,

169 2703 258 2786 quasi
288 2700 428 2764 Nemesis
460 2700 627 2783 quaedam,
657 2721 733 2783 quae
763 2701 930 2765 insolenter
959 2702 1077 2767 miseris
1108 2703 1265 2768 insultan-

169 2820 215 2876 tes
245 2812 279 2874 in
309 2810 513 2873 calamitatem
545 2809 699 2873 detrudat.
745 2810 801 2872 nst
837 2833 909 2874 sane
943 2812 1102 2875 insolitum
1137 2820 1175 2876 ut
1205 2814 1268 2878 hoc

113 2901 115 2905 ¹
169 2920 290 3006 'lychae
313 2919 520 2998 adscribatur,
544 2921 631 2983 cuius
655 2921 713 2983 etsi
735 2920 781 2983 vis
803 2921 937 2985 maxima
959 2929 1023 2998 est,
1047 2929 1150 2986 tamen
1174 2925 1267 2987 certis

169 3029 290 3114 legibus
316 3052 379 3093 non
402 3029 624 3113 adstringitur,
649 3049 743 3111 quare
767 3028 806 3091 nd
828 3029 936 3110 Τύχην
955 3051 1022 3094 non
1045 3031 1134 3095 facile
1157 3055 1269 3117 provo·

170 3147 275 3216 catur,
308 3144 344 3202 ut
375 3139 444 3222 quis
469 3138 505 3201 ab
529 3137 694 3200 insolentia
717 3144 886 3201 revocetur.
935 3139 1008 3203 Fuit
1031 3140 1143 3224 igitur,
1169 3163 1269 3224 quum

170 3249 335 3334 legendum
359 3255 499 3334 putarem
522 3248 587 3312 οὔτε
610 3249 662 3318 τὴν
685 3248 781 3327 τύχην
805 3249 948 3327 ἐλεησοος,
970 3273 1092 3335 „neque
1108 3273 1190 3316 mene
1206 3273 1270 3315 sor·

171 3359 234 3435 „tis
257 3358 420 3421 misertus'’
444 3361 623 3440 (ΔΕΙΟΑΟ,
649 3358 850 3442 ε’ΛΕΗΟΑΟ).
896 3358 955 3422 Sed
979 3360 1050 3423 ferri
1073 3367 1176 3444 potest
1202 3361 1270 3424 vul·

172 3473 243 3552 gata
266 3467 292 3530 si
315 3468 411 3546 τύχην
434 3467 633 3551 interpretere
657 3488 759 3530 rerum
782 3466 985 3531 humanarum
1008 3469 1266 3534 vicissitudinem.

171 3576 270 3640 Locos
302 3576 340 3639 de
366 3576 469 3660 Tyche
493 3575 682 3660 collegerunt
704 3575 856 3659 Limburg
880 3575 1041 3654 Brouwer,
1066 3578 1148 3641 Hist.
1174 3579 1268 3643 dela

172 3686 280 3750 civilis.
305 3684 379 3748 VII.
404 3707 434 3768 p,
461 3686 590 3748 69-71
616 3691 647 3748 et
674 3683 887 3769 Naegelsbach
910 3687 943 3749 in
966 3687 1062 3751 libro:
1088 3688 1147 3752 Die
1162 3687 1268 3753 Nach-

171 3796 360 3860 homerische
383 3795 561 3879 Theologie.

217 3908 234 3989 ξ
260 3908 309 3968 10.
357 3904 492 3968 Cobetus
526 3927 595 3968 cum
626 3904 694 3969 aliis
718 3905 804 3969 dedit
826 3907 883 3982 ἐγὼ
907 3906 984 3990 yae,
1009 3904 1029 3970 ὦ
1052 3908 1163 3983 βουλή,
1190 3906 1267 3970 σύν-

172 4039 227 4086 τοις
250 4009 353 4091 οἶμαι
373 4015 440 4085 τοὺς
460 4014 584 4094 ἔχοντύς
605 4037 632 4077 τι
653 4012 830 4094 δυστύχημα
845 4021 970 4079 τοιοῦτον
989 4017 1166 4097 ρριστύνην
1182 4018 1266 4080 τινὰ

172 4124 268 4204 ζητεῖν
297 4124 346 4188 κού
377 4129 460 4187 τοῦτο
492 4129 665 4205 Φιλοσοφεῒν
694 4121 770 4196 ineo
801 4160 861 4206 -,
888 4125 941 4188 sed
963 4122 1044 4202 οἷμον
1068 4134 1099 4190 et
1121 4127 1266 4207 ῥᾳστώνην

172 4234 237 4297 τινύ
261 4234 372 4297 desunt
394 4235 426 4296 in
451 4233 591 4296 Palatino
613 4239 642 4296 et
659 4233 763 4299 deberi
780 4242 856 4319 puto
872 4237 1035 4300 correctori
1050 4235 1261 4300 Laurentiani.
