2850 5024
671 369 733 430 122

162 565 250 629 παντὶ
275 565 450 641 εύγνονοτον,
474 565 516 630 ὅτι
539 567 590 630 ούκ
612 565 647 630 ἀν
671 566 885 647 παραλιπόντες
908 565 935 630 εἴ
955 591 982 630 τι
1003 565 1079 630 ἀλλο
1095 571 1153 632 τῶν
1165 563 1252 646 'Epoi-

161 700 245 748 τωνος
275 671 328 741 οἶόν
356 701 391 740 τε
424 675 455 752 ἦν
478 678 608 754 δημεύειν
630 679 681 751 την
704 677 803 742 πάντα
827 680 867 743 τά
890 676 1045 757 Ἐράτιονος
1070 677 1252 760 ἀπέγραφον

161 786 210 850 καὶ
239 787 318 864 λέγω
349 787 439 851 πολὺν
466 788 515 864 η’δη
539 788 637 870 χρόνον
661 789 813 866 κέκτημαι.
860 787 1086 853 Laurentianus
1113 788 1191 853 haec
1213 795 1252 852 ut

163 907 280 985 poterat
310 900 455 964 correxit:
484 903 522 972 ὡς
545 903 594 965 οὐκ
617 900 654 965 ἀν
677 901 854 981 παρέλιπον,
877 939 922 948 -
945 901 1076 979 δημεύειν
1099 900 1122 963 οἱ
1147 896 1252 964 πάντα

162 1017 212 1076 τοῦ
232 1011 388 1090 Ἐράπιονος
409 1010 649 1094 ἀπογράφοντες·
664 1014 721 1088 ἐγὼ
741 1013 770 1075 δὲ
789 1013 879 1077 πολὺν
899 1012 948 1088 η’δη
969 1014 1068 1092 χρόνον
1088 1011 1252 1088 κέκτημαι,

162 1145 253 1207 quem
276 1122 434 1186 Bekkerus
457 1123 569 1207 aliique
592 1123 688 1213 secati
712 1132 793 1187 sunt.
828 1122 971 1187 Reiskius
994 1122 1095 1186 locum
1119 1122 1165 1186 sic
1182 1145 1252 1187 con·

163 1233 280 1297 stituit:
305 1230 347 1297 ύτι
370 1233 399 1298 δὲ
423 1232 523 1298 πάντα
546 1234 718 1316 δημεύεται,
741 1233 774 1310 ἐξ
795 1237 889 1299 αὐτῶν
908 1240 963 1298 τῶν
982 1236 1168 1314 ἀπογραφῶν
1194 1233 1253 1318 (542-

164 1343 217 1408 διον
248 1343 378 1428 εἰδέναι)·
408 1384 453 1394 -
475 1344 567 1415 καίτοι
596 1344 681 1410 τοῦτο’
705 1371 742 1424 γε
765 1346 853 1410 παντὶ
878 1346 1054 1422 εύγνοοοτον,
1072 1341 1115 1409 ύτν
1139 1347 1191 1409 ota
1213 1343 1251 1408 ἀν

166 1455 336 1537 παρέλιπον,
360 1455 387 1520 εἴ
407 1482 434 1521 τι
458 1456 533 1522 ἀλλο
557 1465 612 1522 τῶν
634 1457 790 1538 Ἐράτωνος
814 1453 868 1522 οἷόν
891 1457 919 1521 τ’
943 1453 974 1532 ἦν
990 1457 1129 1533 δημεύειν.
1169 1455 1251 1519 Mira

165 1571 396 1652 argumentatio
443 1569 475 1634 Si
506 1572 601 1635 cuivis
633 1571 690 1635 hoc
719 1570 913 1635 manifestum
944 1570 1068 1647 fuisset,
1093 1591 1156 1632 non
1180 1589 1252 1630 sane

165 1679 421 1746 demonstratione
453 1705 529 1768 opus
561 1691 648 1747 esset.
695 1683 755 1746 Sed
787 1705 840 1769 pro
872 1684 918 1746 aci
947 1681 1024 1757 λέγω
1048 1680 1080 1742 in
1104 1677 1251 1762 proximis

165 1793 230 1856 sina
261 1796 463 1858 controversia
495 1804 575 1860 recte
605 1797 654 1861 καὶ
681 1794 702 1860 ἀ
725 1796 782 1873 ἐγώ
806 1796 944 1859 coniecit.
992 1792 1061 1856 Hoc
1084 1789 1252 1854 adsciscen-

165 1903 239 1967 dum
266 1915 295 1968 et
318 1907 369 1980 την
391 1917 498 1970 natum
521 1931 557 1971 ex
581 1907 789 1992 dittographia
811 1907 1001 1992 superiorum
1024 1907 1052 1969 τ’
1077 1897 1109 1976 ἦν
1133 1901 1252 1964 eiicien-

167 2013 248 2080 dum.
295 2016 354 2081 Sed
384 2041 423 2082 ne
454 2019 501 2082 vel
531 2022 574 2084 sic
603 2019 724 2104 quidem
748 2019 833 2082 locus
858 2023 1036 2104 personatus
1059 2020 1115 2078 est.
1152 2014 1253 2097 Argu-

168 2130 313 2194 mentatio
345 2130 418 2194 haec
446 2154 510 2195 esse
538 2131 674 2196 videtur:
703 2154 738 2195 eo
762 2130 845 2216 quod
869 2130 901 2193 in
916 2128 1056 2192 ‘indicem
1078 2125 1251 2189 retulerunt

169 2240 260 2304 etiam
290 2264 323 2304 ea
354 2264 431 2326 quae
463 2266 518 2328 ego
549 2243 664 2307 dudum
696 2241 903 2328 possederam,
929 2243 1053 2324 apparet
1076 2236 1179 2299 omnia
1202 2255 1251 2298 eos

168 2352 341 2437 complexos
364 2375 437 2416 esse.
485 2353 569 2418 Haec
592 2378 654 2418 non
677 2355 794 2440 reperio
818 2351 970 2437 quomodo
991 2351 1023 2413 in
1039 2346 1138 2413 verbis
1154 2347 1252 2410 inesse

168 2466 264 2549 possit
287 2465 313 2528 si
336 2464 436 2530 πάντα
458 2467 499 2530 τά
521 2466 678 2545 Ἐράτοινος
702 2465 899 2528 retineantur.
946 2460 1061 2525 Contra
1080 2460 1118 2523 iis
1135 2458 1253 2523 omissis

168 2575 253 2640 locus
277 2584 357 2640 recte
377 2600 409 2641 se
429 2577 536 2642 habet:
555 2579 605 2641 οὐκ
627 2576 663 2642 ἀν
683 2574 897 2657 παραλιπόντες
918 2572 945 2638 εἴ
962 2597 989 2636 τι
1010 2570 1086 2636 ἀλλο
1103 2568 1254 2648 τῶνἘρά-

168 2711 253 2760 τιονος
284 2681 336 2752 οἷον
367 2691 395 2752 τ’
427 2683 459 2762 ἦν
491 2688 637 2765 δημεύειν,
670 2687 846 2768 ἀπέγραφον
874 2686 923 2749 καὶ
956 2682 978 2748 ἀ
1002 2684 1060 2759 ἐγὼ
1085 2681 1178 2746 πολὺν
1205 2681 1254 2755 ἤδη

169 2798 268 2878 χρόνον
285 2800 443 2880 κέκτημαι,
464 2802 513 2879 „si
533 2801 705 2866 omisissent
726 2800 810 2864 aliud
830 2798 905 2884 quid
926 2796 1008 2883 quod
1030 2817 1066 2858 ex
1082 2794 1170 2857 bonis
1185 2792 1256 2856 Era-

169 2912 273 2989 „tonis
304 2911 452 2997 proscribi
484 2920 602 2998 posset,
634 2935 698 2976 non
726 2934 798 2975 sane
833 2909 1008 2974 retulissent
1038 2908 1070 2970 in
1103 2904 1253 2980 indicem,

169 3045 271 3107 „quae
294 3045 349 3108 ego
373 3025 432 3089 iam
456 3025 574 3089 dudum
597 3023 768 3110 possideo.”
814 3022 892 3087 Inde
916 3022 998 3085 enim
1021 3018 1186 3105 apparebat
1206 3038 1255 3081 eos

171 3160 205 3200 aa
236 3137 343 3213 etiam,
377 3135 414 3199 de
445 3137 557 3220 quibus
588 3137 701 3220 ambigi
731 3140 850 3220 posset,
884 3135 917 3197 in
952 3131 1072 3197 tabulas
1106 3128 1255 3192 retulisse.

171 3248 271 3314 Verba
294 3247 395 3312 πάνπα
417 3248 458 3312 τοὶ
480 3247 637 3328 Ἐράτιονος
659 3247 691 3310 in
715 3246 850 3330 margine
873 3243 1026 3327 adscripta
1046 3241 1138 3305 fuisse
1154 3239 1258 3303 viden·

171 3368 223 3425 tur
252 3360 289 3424 ad
322 3360 500 3446 explicanda
532 3360 585 3423 illa
612 3356 653 3424 ὅτι
676 3360 705 3424 δὲ
729 3359 850 3423 πάντα
873 3356 1029 3434 δημεύεται
1053 3352 1145 3438 paulo
1170 3373 1258 3435 supe·

172 3475 235 3538 rius
259 3473 346 3537 lecta.
392 3472 430 3536 In
461 3471 593 3537 Scheibii
623 3471 752 3536 lectione
775 3469 877 3535 πάντα
896 3469 936 3533 τοὶ
959 3468 1059 3548 Ἐράτ.
1082 3462 1259 3543 ἀπέγραφον

174 3584 427 3670 [ἀπογράφοντες]
449 3584 496 3648 καὶ
519 3582 556 3659 ἀ,
580 3584 665 3661 reli,
690 3605 783 3669 quam
805 3582 858 3646 ille
881 3580 1005 3644 uberius
1030 3575 1166 3641 defendit
1190 3573 1212 3638 l.
1237 3574 1257 3637 l.

174 3722 202 3784 p.
231 3700 369 3775 15-17,
394 3697 529 3762 membra
552 3697 695 3761 orationis
717 3695 841 3759 mirifice
856 3693 979 3758 turbata
999 3697 1088 3765 sunt,
1108 3710 1148 3751 ne
1160 3686 1261 3750 dicam

173 3811 210 3875 de
243 3809 393 3896 particula
420 3807 456 3872 ἀν
487 3807 654 3873 secundnm
682 3807 769 3871 illum
792 3805 831 3869 ad
854 3803 1049 3890 participium
1072 3806 1195 3863 tantum
1218 3820 1262 3861 re-

173 3922 304 3987 ferenda.
768 4003 773 4014 ¹

218 4033 391 4098 Secundum
423 4055 458 4096 ea
488 4053 566 4117 quae
597 4030 634 4094 de
666 4029 808 4094 universa
831 4048 923 4091 causa
945 4022 1051 4086 monui
1074 4021 1263 4104 interpretor

174 4149 306 4212 sectione
331 4149 366 4208 5:

218 4260 254 4331 ὡς
284 4257 313 4322 δὲ
343 4259 394 4332 την
419 4255 641 4338 ἀμφιςβήτησιν
660 4255 708 4318 ε’π.
730 4248 906 4337 „quomodo
930 4248 1015 4311 litem
1043 4240 1265 4309 instituerim.''

177 4369 311 4456 Exponit
351 4373 467 4453 partem
504 4390 535 4431 se
568 4387 651 4431 nunc
685 4363 838 4428 vindicare
873 4357 1068 4425 haereditatis
1102 4351 1265 4429 Eratonis,
