2850 5024
686 388 747 449 135

163 587 283 651 venisse
314 588 438 652 talentis
470 586 636 653 admodum
661 585 815 671 probabile
840 586 888 668 (os.
916 589 967 649 lu.
993 589 1059 667 20).
1107 585 1257 648 Provocat

163 706 268 762 orator
290 698 328 761 ad
352 698 523 775 hominem,
549 698 602 782 qui
622 698 724 761 favore
745 696 852 782 populi
874 718 935 759 nou
953 696 1120 772 exciderat,
1140 705 1174 759 ut
1190 696 1256 760 eius

165 808 306 893 exemplo
337 809 462 886 doceat,
493 808 568 892 quid
600 810 736 891 aequitas
758 807 904 892 postulet.
952 807 1035 871 Haeo
1059 808 1154 892 igitur
1176 814 1257 870 reete

164 942 200 982 se
222 918 345 983 habent.
392 919 544 1004 Deinceps
580 940 650 981 voro
686 918 796 981 accidit
830 920 961 995 oratori,
997 927 1031 981 ut
1061 918 1135 982 dum
1166 925 1256 982 nimis

166 1031 272 1114 cupiat
295 1053 416 1095 eausam
440 1031 586 1115 probare,
610 1036 709 1094 111111
732 1029 850 1114 probet.
890 1029 1022 1114 Utrique
1045 1030 1109 1093 filio
1133 1038 1257 1115 epatre

166 1141 238 1203 vivo
261 1163 323 1205 non
353 1141 480 1207 eandem
511 1142 630 1226 argenti
661 1163 811 1204 summam
845 1140 972 1204 fortasse
1007 1140 1110 1204 datam
1144 1141 1255 1217 fuisse,

165 1274 255 1317 nemo
277 1253 366 1317 laeile
389 1252 564 1316 auditorum
588 1262 653 1315 erat
675 1259 885 1337 reputaturus.
922 1250 1023 1336 Igitur
1046 1251 1120 1315 dum
1144 1265 1256 1335 orator,

165 1372 197 1427 et
216 1364 342 1427 infirmis
360 1363 484 1447 quidem
508 1363 713 1447 argumentis,
739 1361 797 1424 hoe
820 1385 882 1425 non
907 1362 1021 1425 laetum
1046 1385 1110 1426 esse
1135 1363 1256 1427 demon-

165 1484 260 1538 strare
283 1475 439 1552 instituit,
465 1473 689 1537 dubitationem
712 1481 820 1537 movet·
838 1474 920 1558 apud
945 1473 1109 1538 auditores,
1159 1474 1257 1539 Num·

166 1610 277 1671 quam,
309 1588 410 1673 inquit
441 1590 457 1672 1
488 1590 547 1664 36,
580 1587 728 1651 dissensio
759 1587 821 1651 ulla
846 1587 905 1650 luit
927 1587 1007 1650 inter
1030 1586 1256 1671 Nicophemum

165 1708 197 1763 11
228 1698 402 1775 Cononem
434 1698 539 1781 itaque
570 1696 607 1761 de
635 1698 765 1782 pecunia
787 1721 908 1782 quoque
932 1698 1013 1762 idem
1037 1699 1165 1761 sensisse
1189 1721 1256 1782 pro·

166 1810 284 1888 babile,
310 1822 340 1874 et
363 1810 433 1873 filiis
457 1832 528 1873 eum
551 1810 623 1873 hine
647 1787 910 1893 proficiscerentur
926 1810 1004 1873 nihil
1021 1810 1181 1894 reliquisse
1197 1811 1256 1873 nisi

165 1922 250 2006 quod
273 1923 346 1985 satis
370 1928 449 1985 esset
469 1920 551 1984 unde
568 1921 711 1983 viverent.
751 1919 840 1998 Quae
857 1921 1079 2003 argumentatio
1096 1921 1259 2005 subinepta

166 2033 297 2097 videtur.
344 2031 507 2112 Quomodo
539 2032 619 2095 euim
649 2054 685 2095 ex
716 2031 922 2095 familiaritate
954 2054 1030 2115 quae
1053 2032 1133 2096 inter
1156 2042 1257 2117 patres

174 2144 325 2230 quosdam
349 2145 482 2221 exsistit,
508 2143 545 2206 ad
565 2143 761 2206 consiliorum
781 2143 917 2206 omnium
938 2153 967 2205 et
986 2143 1135 2207 factorum
1158 2144 1262 2208 simili-

168 2256 310 2320 tudinem
332 2255 501 2340 quidquam
525 2254 629 2339 colligi
652 2254 772 2339 potest?
818 2253 957 2318 Sectione
981 2256 1023 2317 38
1047 2254 1125 2318 redit
1149 2255 1188 2318 ad
1215 2279 1260 2320 ar·

166 2367 432 2452 gumentationem
460 2366 551 2429 modo
575 2367 750 2451 abruptam,
775 2365 828 2429 sed
851 2389 934 2429 nune
958 2367 1183 2450 computatione
1207 2368 1258 2432 bo-

164 2500 275 2542 norrnn
299 2477 438 2541 Cononis
462 2478 535 2541 haee
558 2478 670 2541 mirum
693 2470 729 2540 111
744 2477 872 2541 modum
886 2479 1061 2563 impeditur.
1097 2479 1257 2557 „sednon

167 2589 346 2674 „probabile
371 2599 433 2667 est,
458 2591 559 2675 inquit
582 2592 598 2674 q
621 2594 680 2667 39,
706 2613 758 2652 vos
782 2590 820 2654 de
835 2590 988 2655 Timothei
1004 2592 1155 2675 probitate
1171 2592 1259 2656 dubi-

163 2709 307 2779 ,‚taturos
338 2701 462 2765 111111.”
510 2701 629 2781 Quidni
661 2701 753 2765 vero?
799 2699 906 2780 „Quia
935 2706 1076 2768 serebatis
1100 2703 1257 2767 Cononem

166 2812 309 2890 „minora
332 2812 522 2895 reliquisse.”
568 2812 627 2876 Sed
657 2804 720 2876 hoe'
737 2812 817 2876 nihil
840 2812 878 2876 ad
902 2823 1092 2898 praesentem
1115 2837 1255 2893 eausam3

166 2924 206 2987 de
237 2922 429 3007 Nicophemo
460 2923 538 2986 nihil
567 2932 675 2987 notum
707 2931 786 3000 erat3
810 2924 872 2987 imo
895 2924 1074 3008 infringitur
1096 2932 1127 2988 et
1151 2926 1257 2991 debili·

165 3028 251 3099 tatur
281 3035 418 3118 superior
450 3036 683 3119 argumentatio.
725 3034 757 3098 Si
781 3035 941 3099 Timotheo
965 3036 1055 3100 fidem
1079 3037 1257 3103 habuissent

166 3145 284 3209 iudices
308 3152 446 3228 quonium
469 3149 621 3210 constabat
643 3148 716 3229 quid
731 3152 824 3230 poter
846 3150 1032 3230 reliquisset,
1057 3148 1178 3212 eosdem
1194 3172 1256 3212 non

165 3256 331 3320 dedecebat
354 3256 391 3319 de
415 3256 632 3341 Aristophanis
657 3256 745 3320 bonis
769 3255 926 3334 dubitare,
952 3257 989 3321 de
1011 3259 1097 3323 euius
1114 3260 1257 3344 patrimo-

165 3369 218 3431 nio
240 3367 319 3431 nihil
342 3376 452 3431 notum
477 3377 565 3430 esset.

211 3479 367 3542 Nimirum
391 3478 563 3563 exemplum
587 3502 604 3541 a
628 3478 753 3542 Conone
777 3486 808 3542 et
831 3479 992 3544 Timotheo
1016 3490 1154 3546 sumtum
1175 3503 1257 3544 nune

150 3578 226 3655 'alio
255 3592 461 3668 convertitur,
491 3600 526 3653 ut
555 3590 749 3669 ostendatur,
779 3593 804 3655 si
828 3592 935 3656 Conon
958 3595 1077 3657 minora
1099 3593 1256 3677 reliquerit

167 3725 258 3786 quam
282 3702 486 3787 exspectarint
502 3701 656 3779 heminae,
674 3700 754 3765 idem
771 3726 858 3787 posse
874 3704 1008 3768 accidere
1024 3705 1056 3767 in
1072 3704 1257 3789 Nicophemi

167 3815 270 3891 bonis;
296 3823 362 3877 tum
385 3815 450 3898 ipsa
474 3836 592 3876 summa
615 3813 766 3876 bonorum
789 3814 923 3878 Cononis
948 3838 1018 3879 eum
1042 3815 1256 3900 Aristophanis

168 3933 356 4010 comparata,
389 3935 533 4011 appareat
560 3926 682 3989 tertiam
715 3926 849 3991 Cononis
877 3928 1025 3992 bonorum
1050 3937 1166 4013 partem
1190 3927 1257 3991 Ari-

151 4036 350 4121 ‘stophanem
379 4035 562 4121 possedisse;
587 4045 773 4121 quapropter
792 4037 907 4102 iudices
936 4061 998 4103 non
1026 4040 1146 4104 eredere
1170 4038 1258 4103 debe·

168 4158 235 4226 ant,
260 4172 291 4212 11
316 4148 485 4233 quidquam
508 4146 620 4211 celatos
645 4170 719 4211 esse.
767 4149 852 4212 Haeo
874 4151 951 4215 bene
976 4174 1047 4214 sane
1071 4174 1102 4214 se
1126 4150 1256 4227 babent,

169 4261 222 4324 sed
238 4261 281 4324 ita
299 4283 375 4325 nexa
395 4266 467 4323 sunt
481 4258 689 4342 superioribus
707 4267 737 4322 et
752 4263 916 4345 permixta,
938 4270 973 4325 ut
991 4262 1076 4325 loeus
1097 4263 1257 4347 perplexus

169 4374 209 4437 sit
229 4380 259 4436 et
278 4373 428 4436 turbatus.
464 4368 555 4449 Quod
576 4369 684 4434 vitium
702 4372 801 4436 multo
818 4373 894 4439 mihi
914 4374 1012 4437 maius
1027 4375 1149 4438 uidetur
1167 4397 1258 4460 quam
