2850 5024
786 403 803 462 8

251 627 322 673 σεας
346 601 495 680 οὶπολοχία
519 603 584 685 (25)
607 623 669 663 non
693 608 765 664 sunt
788 601 918 664 modesti
931 609 961 664 et
978 602 1121 666 submissi
1141 625 1265 681 1111111,
1284 602 1335 665 sed

251 714 384 798 insurgit
407 713 504 776 oratio
528 721 558 775 11
583 713 727 796 grandior
751 722 806 776 est.
853 713 966 777 Tamen
997 715 1111 800 ubique
1135 722 1261 800 apparet
1283 714 1337 777 illa

252 826 396 902 11111111,
422 824 509 887 11111
533 823 828 908 praestantissimum
851 825 1004 909 exemplar
1026 823 1134 910 Lysias
1151 849 1168 888 a
1185 825 1336 888 veteribus

252 935 312 998 fere
336 935 490 998 iudicatus
511 943 566 997 est.
613 933 780 1017 Dionysius
809 935 847 998 de
870 934 957 999 Dein.
984 938 1013 998 2.
1038 935 1115 1012 λέξον
1138 937 1273 1021 appellat
1295 952 1337 1000 λο-

252 1047 303 1120 rho
328 1048 375 1109 καὶ
398 1047 499 1127 ἀφελῆ
506 1095 514 1128 ,
536 1045 708 1130 oppositam
730 1046 815 1108 illam
830 1045 1018 1130 Thucydidis
1035 1047 1188 1130 gravitati.
1213 1046 1335 1131 Trypho

253 1157 291 1220 de
314 1157 410 1241 tropis
433 1180 463 1241 p.
479 1158 559 1222 750:
585 1164 768 1237 Χαρακτῆρες
792 1156 923 1238 ῥητορικοὶ
946 1165 1038 1236 τρεῖς,
1058 1157 1197 1237 αὐστηρός
1203 1207 1212 1240 ,
1231 1157 1336 1239 μέσος,

253 1267 369 1346 ἰσχνός·
405 1266 455 1330 καὶ
488 1269 535 1331 τὸν
569 1270 622 1343 μὲν
658 1269 797 1347 αὐστηρὸν
832 1268 917 1351 (alibi
945 1269 1044 1347 ἁδρόν,
1073 1271 1299 1351 μεγαλοπρεπῆ)
1323 1271 1336 1333 o‘

256 1379 426 1454 Θουκοδτῆης
459 1380 631 1455 ἐπετήδευσε
660 1389 836 1460 χαρακτῆρα
867 1418 911 1428 -
938 1386 985 1445 riv
1008 1381 1031 1443 δ’
1054 1381 1152 1460 ἰοχκὲν
1176 1380 1336 1459 Αἰσχίνης,

254 1489 433 1571 Ἰσοκράτης,
462 1491 590 1572 Λυσίας,
619 1489 800 1566 Ἀνδοκίδης,
828 1491 944 1562 Ἰσαῖος.
991 1490 1102 1554 Fusius
1133 1513 1197 1554 rem
1220 1499 1339 1575 praeter

255 1602 330 1665 alios
356 1601 480 1685 exponit
504 1599 609 1664 Cicero
634 1600 718 1664 Orat.
746 1604 774 1666 6.
801 1604 860 1665 20:
885 1602 966 1680 „tria
989 1611 1061 1665 sunt
1085 1602 1208 1665 omnino
1229 1624 1341 1685 genera

255 1712 416 1791 „dicendi‚
449 1711 561 1796 quibus
592 1712 624 1776 in
656 1712 785 1798 singulis
817 1713 942 1798 quidam
972 1713 1157 1776 floruerunt:
1190 1736 1340 1797 peraeque

254 1832 379 1903 „autem
410 1823 453 1907 (id
484 1824 566 1910 quod
598 1825 749 1909 volumus)
780 1826 923 1910 perpauci
951 1826 984 1888 in
1008 1824 1158 1888 omnibus,
1205 1823 1286 1887 Nam
1310 1832 1341 1887 11

255 1935 473 2021 „grandiloqui
504 1943 539 1999 11
569 1937 613 2000 ita
641 1936 741 2000 dicam
768 1935 892 2000 fuerunt
915 1938 1037 2018 (uberem
1061 1935 1264 1999 characterem
1290 1959 1341 2019 ap·

255 2048 373 2133 „pellat
404 2046 523 2111 Gellius
547 2046 588 2111 N.
613 2049 650 2111 A.
676 2046 749 2111 VII.
778 2051 835 2126 14,
860 2070 976 2130 proaem
1000 2048 1117 2111 Auctor
1140 2047 1178 2110 ad
1202 2047 1338 2109 Herenn.

255 2157 335 2237 „Iu
359 2161 388 2222 8.
410 2162 472 2243 ll.)
495 2199 540 2209 -
564 2167 594 2223 11
618 2168 724 2223 contra
747 2167 870 2237 tenues,
896 2160 994 2237 acuti,
1019 2159 1121 2223 omnia
1144 2158 1286 2221 docentes
1310 2165 1341 2221 11

255 2270 460 2349 „dilucidiora
483 2293 545 2334 non
569 2271 718 2356 ampliora
741 2271 903 2349 1111111111,
921 2269 1027 2334 subtili
1043 2269 1174 2355 quadarn
1191 2278 1221 2334 ct
1237 2291 1341 2354 pressa

255 2382 415 2461 „oratione
445 2383 544 2447 limati
551 2411 560 2461 3
592 2384 624 2448 in
654 2384 820 2467 eodemque
848 2405 957 2469 genere
991 2382 1044 2445 alii
1067 2380 1188 2458 callidi,
1212 2381 1265 2444 scd
1288 2380 1343 2442 im·

256 2492 369 2578 „politi
401 2501 430 2556 11
463 2493 602 2558 consulto
634 2493 758 2557 rudium
789 2493 903 2558 similes
927 2500 957 2556 11
979 2493 1208 2577 imperitorum
1233 2491 1286 2555 alii
1308 2491 1341 2553 in

257 2604 384 2682 „eadem
406 2605 567 2669 ieiunitate
590 2605 816 2684 concinniores‚
839 2604 872 2668 id
894 2612 940 2669 111
963 2604 1070 2683 faceti,
1088 2603 1228 2668 florentes
1249 2603 1341 2666 etiam

256 2722 309 2794 „et-
340 2716 446 2784 leviter
474 2717 584 2780 ornati.
630 2715 685 2780 Est
709 2725 810 2781 autern
834 2716 958 2802 quidam
982 2717 1158 2780 interiectus
1181 2715 1260 2779 inter
1283 2715 1339 2777 hos

255 2827 396 2905 „medius
420 2835 450 2890 et
473 2828 561 2912 quasi
585 2834 769 2912 temperatus
778 2828 808 2906 ,”
832 2827 898 2891 rell.
934 2826 1012 2890 Cum
1032 2823 1178 2889 Cicerone
1199 2824 1339 2905 Quincti·

256 2939 356 3002 lianus
379 2936 454 3000 XII.
484 2940 532 3002 lo.
560 2940 600 3000 58
624 2938 808 3023 tripertitam
832 2938 970 3022 sequitur
988 2937 1179 3000 divisionem.
1209 2935 1269 2999 Sed
1288 2935 1340 2999 alii

256 3050 389 3114 technici
411 3048 509 3112 aliter.
555 3048 729 3113 Demetrius
752 3048 790 3112 de
814 3049 924 3112 elocut.
949 3070 974 3112 c.
988 3050 1058 3124 36:
1083 3047 1135 3111 εἶσὶ
1155 3046 1185 3110 δὲ
1203 3046 1341 3126 τέσσαρες

256 3165 280 3227 οἱ
304 3163 397 3227 οὶπλοῖ
416 3169 617 3242 χαρακτῆρες,
642 3160 754 3243 ἰσχνός,
779 3160 1026 3240 μεγαλοπρεπής,
1051 3157 1221 3239 γλαφυρός,
1245 3156 1341 3228 δεινός.

259 3273 337 3350 Alii,
362 3273 468 3337 eodem
491 3279 629 3350 auctore,
655 3271 716 3336 duo
745 3270 992 3357 distinguebant,
1023 3277 1058 3333 11
1080 3272 1113 3335 τὸ
1135 3268 1289 3350 γλαφυρόν
1313 3276 1343 3331 11

258 3386 291 3451 τὸ
315 3383 414 3463 ἰσχνόν
436 3407 548 3461 unum,
573 3383 606 3448 τὸ
628 3383 854 3463 μεγαλοπρεπές
878 3391 909 3446 11
930 3382 963 3447 τὸ
987 3383 1072 3447 δεινόν
1096 3382 1225 3445 alterum
1249 3380 1342 3444 effice·

258 3504 326 3560 rent
349 3495 397 3579 (of.
423 3495 485 3560 Cio.
510 3495 598 3559 Brut.
625 3499 688 3580 55).
736 3496 800 3559 Alii
823 3517 929 3559 rursus
953 3493 1106 3558 addebant
1128 3494 1176 3558 τὸν
1198 3492 1344 3573 mactra

258 3608 307 3672 καὶ
330 3607 378 3672 τὸν
401 3607 514 3686 ἀνθηρὸν
537 3615 729 3687 χαρακτῆρα,
755 3605 851 3669 veluti
869 3604 1065 3690 Hipparchus
1083 3604 1164 3688 apud
1181 3604 1343 3688 Syriarum

259 3719 297 3781 ad
320 3718 465 3803 Hermog.
490 3717 526 3781 de
550 3718 633 3781 Ideis
657 3716 738 3802 apud
762 3716 903 3802 Spengel.
928 3723 983 3779 art.
1009 3714 1132 3800 Soriptt.
1158 3738 1187 3799 p.
1214 3717 1230 3779 7
1236 3718 1265 3777 6.
1295 3714 1343 3777 Ex

258 3830 370 3914 quibus
398 3828 560 3912 generibus
584 3829 736 3912 posterius
766 3831 798 3890 τὸ
828 3827 942 3905 ἀνθηρόν
971 3825 1077 3889 Cicero
1101 3825 1138 3889 ad
1162 3835 1254 3890 tenue
1277 3827 1343 3908 (flo-

258 3941 380 4023 renter),
412 3938 642 4019 Quinctilianus
671 3939 714 4023 (ll.
739 3938 784 4022 ll.)
816 3936 854 4001 ad
884 3936 1019 4000 medium
1048 3939 1158 4000 referre
1189 3937 1340 4000 videntur.

259 4050 318 4114 Sed
349 4051 381 4114 in
412 4051 563 4136 tripartita
596 4050 650 4113 illa
678 4051 846 4127 divisione,
872 4050 898 4112 si
921 4048 990 4133 quis
1013 4057 1147 4133 reputet,
1173 4071 1264 4133 quam
1288 4049 1342 4112 1111-

258 4184 398 4225 mensum
421 4162 615 4225 intervallum
638 4162 678 4225 sit
700 4163 781 4226 inter
803 4159 1014 4245 Thucydidem
1030 4168 1060 4222 et
1075 4159 1216 4244 Lysiam,
1236 4158 1343 4223 latebi-

259 4280 310 4335 tur
339 4272 475 4336 medium
501 4271 580 4335 illud
604 4294 699 4356 genus
724 4295 831 4356 parum
855 4294 917 4334 1111
941 4270 1101 4334 definitum
1125 4279 1154 4333 11
1178 4270 1342 4334 admodum

259 4381 318 4445 late
342 4392 454 4466 patere.
488 4385 590 4468 Atque
614 4383 738 4446 omnino
762 4392 862 4446 totum
884 4381 962 4445 illud
985 4381 1163 4445 institutum
1185 4382 1343 4446 dividendi
