2850 5024
632 434 696 493 ala

160 630 206 691 De
239 652 273 691 ea
303 652 335 692 re
367 635 468 691 autem
500 629 628 693 iudicari
659 652 721 693 non
750 631 880 714 poterit,
906 638 1069 713 antequam
1093 628 1168 712 quid
1192 653 1210 692 a

113 738 246 802 librariis
276 738 506 822 pessumdatum
539 740 594 817 sit,
626 747 778 824 quantum
808 741 873 802 fleri
910 740 1006 823 possit
1035 763 1053 801 a
1081 739 1208 821 reliquis

114 850 361 934 separaverimus.
409 849 519 932 Itaque
556 851 638 932 (utor
669 849 790 913 Scheibi
822 849 1009 932 recensione)
1041 848 1114 910 haec
1146 848 1207 910 fere

114 967 258 1045 corrupta
280 967 508 1022 remanserunt:

157 1071 174 1153 ᾧ
197 1072 227 1132 3.
273 1069 319 1131 Ito
342 1068 457 1132 redacti
481 1091 617 1146 eramus,
641 1069 758 1152 inquit,
778 1067 847 1134 ὥστ’
867 1069 900 1132 ἐκ
918 1076 971 1141 τῆς
991 1069 1092 1131 τούτου
1109 1068 1206 1145 χενρὸς

114 1178 334 1257 τεταμιεύμεθα
357 1180 421 1250 τοὺς
445 1181 557 1255 νόμους.
605 1178 781 1242 Sententia:
806 1185 841 1241 ut
864 1179 956 1242 huius
980 1178 1084 1241 manui
1106 1200 1208 1261 accep·

114 1297 161 1352 tas
201 1290 380 1352 referremus
417 1289 508 1373 lagae.
556 1273 770 1352 Necessarium
801 1296 847 1350 est
875 1287 1207 1372 plusquamperfectum

113 1397 358 1476 ἐτεταμνεύμεθα.
406 1399 452 1461 De
484 1408 648 1482 augmento
680 1400 718 1461 cf.
748 1398 944 1462 Herodianus
968 1421 1015 1483 ap.
1040 1397 1145 1460 Herm.
1170 1395 1208 1458 de

114 1533 171 1573 em.
204 1516 260 1572 rat.
293 1509 429 1572 Gramm.
460 1509 513 1572 Gr.
548 1532 577 1593 p.
611 1512 694 1572 311:
719 1508 789 1573 εἰσὶν
812 1502 837 1572 οἳ
859 1507 1048 1589 σφάλλονται
1071 1508 1207 1582 λέγοντες

22 1632 25 1639 ’
112 1619 255 1691 latacen,
279 1621 315 1689 ὡς
339 1620 535 1692 ἐπεποιήκειν.
561 1618 670 1689 παντὸς
694 1621 753 1696 γαρ
773 1617 983 1698 παρακειμένου
1001 1618 1128 1697 ῥήματος
1148 1615 1208 1679 ciac

112 1729 268 1809 συμφώνου
296 1729 458 1809 ἀρχομένου
485 1730 498 1793 ὁ
530 1730 765 1807 ὑσερσυντέλνκος
799 1728 1021 1810 προσλαμβάνον
1051 1730 1085 1792 τὸ
1108 1730 1132 1791 ἓ.
1156 1722 1208 1792 οἷον

113 1838 238 1920 νένυχα,
263 1840 409 1918 ἕνενὺχενν
433 1840 483 1902 καὶ
506 1840 667 1922 βέβληκα,
692 1839 881 1916 ἕβεβλήκενν·
906 1837 978 1904 οὕτω
1002 1839 1051 1903 καὶ
1076 1839 1136 1902 aaa
1156 1843 1206 1902 τοῦ

113 1947 221 2012 δέδωκα
247 1949 397 2013 ἐδεδώκενν.
434 1948 528 2032 Apud
553 1949 808 2033 Aristophanem,
834 1949 925 2012 modo
951 1948 1130 2032 aphaeresin
1154 1947 1207 2009 ob-

113 2080 228 2134 semea,
259 2081 412 2143 nusquam
447 2058 485 2122 ab
517 2059 574 2122 hac
606 2058 712 2142 regula
743 2058 918 2136 aberratum
951 2081 1045 2142 quare
1068 2058 1106 2120 iis
1130 2056 1207 2120 locis

113 2167 165 2231 ubi
197 2167 229 2230 in
260 2166 348 2231 libris
378 2175 578 2251 augmentum
612 2167 803 2252 neglegitur,
832 2177 901 2232 tuto
932 2176 1035 2253 potest
1058 2167 1147 2244 addi,
1171 2175 1208 2229 ut

112 2277 228 2339 factum
255 2276 333 2339 Xen.
361 2277 443 2340 Hell.
469 2276 525 2340 IV.
552 2281 581 2341 5.
608 2281 646 2340 4:
671 2278 895 2354 ἀνεβεβήκεσαν
919 2286 950 2341 et
973 2278 1011 2342 V.
1037 2282 1067 2342 3.
1096 2281 1130 2340 l:
1155 2302 1206 2341 κα-

113 2386 373 2466 τεδεδοαμήκεσαν.

157 2498 228 2580 Μ.
274 2497 324 2560 καὶ
355 2497 414 2575 γαρ
445 2521 504 2578 σον,
536 2493 557 2560 ὦ
590 2498 688 2577 ἄνδρες
719 2496 870 2569 δικασταί,
898 2534 943 2544 -
965 2497 1065 2560 ὁποίαν
1087 2496 1136 2559 καὶ
1160 2503 1208 2560 νῦν

113 2607 166 2679 τὴν
189 2606 284 2685 ἀρχὴν
306 2607 525 2682 κατεστήσατο,
550 2605 729 2689 Legendum
752 2607 897 2670 sortasse:
919 2605 995 2686 ὁρᾶθ’
1010 2603 1080 2670 οἵαν.
1104 2605 1207 2669 Facile

115 2715 197 2778 enim
220 2714 339 2797 aliquot
362 2714 484 2778 litterae
509 2715 646 2778 excidere
671 2721 848 2797 potuerunt.

160 2825 207 2889 Ib.
254 2825 304 2888 καὶ
335 2821 391 2888 ὅσα
421 2824 602 2903 διαχειρίσας
630 2823 714 2901 μόνος
738 2819 817 2895 οὗτος
839 2830 896 2888 τῶν
918 2822 1067 2903 οὶρξοὶνσονν
1090 2825 1208 2896 εὐθύνας

114 2938 164 3000 οὐκ
195 2935 305 2999 ἔδωκεν.
353 2933 401 2997 Ne
429 2934 487 2997 hoc
512 2934 636 3018 quidem
661 2934 794 2996 auctoris
818 2936 972 3014 σΦοέλμα,
996 2933 1049 2997 sed
1072 2933 1210 2997 librario·

113 3066 192 3107 rum.
240 3043 314 3128 Leg.
346 3044 395 3108 καὶ
425 3042 481 3107 ὅσα
511 3043 624 3114 οὐδεὶς
657 3043 801 3108 πώποτε
831 3044 914 3122 trax.
960 3042 1118 3107 Lacunam
1146 3045 1209 3107 aui-

115 3152 280 3216 madvertit
303 3151 457 3216 Reiskius.

157 3263 174 3345 q
198 3265 227 3325 6.
276 3261 547 3325 Animadvertatur
570 3260 662 3324 velim
682 3262 795 3324 resumi
813 3261 871 3325 lroc
886 3261 954 3324 loeo
971 3284 1049 3345 quae
1065 3263 1103 3327 ab
1118 3262 1208 3325 initio

114 3359 196 3433 dicta
220 3377 293 3433 sunt
300 3396 310 3448 ;
332 3370 464 3456 graviter
484 3370 538 3433 illa
553 3369 610 3433 hac
625 3370 883 3451 οἱνακεφαλοαώσεν
900 3378 1097 3454 repetuntur3
1114 3394 1209 3455 quare

114 3479 189 3543 mihi
222 3479 347 3563 quidem
376 3480 467 3542 nimis
491 3487 583 3543 tenue
610 3479 729 3543 videtur
753 3479 836 3564 quod
860 3478 952 3543 hodie
975 3503 1012 3543 ex
1035 3482 1210 3545 coniectura

114 3590 146 3653 in
177 3589 237 3652 fine
268 3589 420 3652 adscitum
451 3599 497 3653 est
529 3592 687 3664 σονήσασθε
718 3613 772 3675 pro
801 3591 985 3664 rectractant.
1031 3590 1100 3654 Hoc
1123 3612 1208 3674 repo·

114 3697 250 3762 nendum
274 3700 391 3783 opinor.
439 3698 558 3763 Locum
581 3699 751 3784 longiorem
775 3722 837 3762 non
861 3699 1017 3788 exscribo,
1042 3699 1095 3763 sed
1112 3701 1207 3764 moni·
1297 3699 1304 3711 '

114 3815 165 3870 tus
189 3808 298 3892 opinor
313 3809 446 3894 quisque
462 3810 575 3874 sentiet
590 3811 745 3884 ποιήσασθε
762 3831 899 3894 pugnare
914 3832 1042 3873 numero
1058 3811 1207 3888 oratorio,

115 3938 211 4000 eoque
235 3919 334 4002 posito
358 3918 446 3982 αὐτὸν
471 3900 595 3982 manicat
618 3919 721 3981 nescio
745 3919 898 4001 quomodo
921 3919 1056 4003 frigeret.

159 4027 176 4109 q
200 4028 229 4090 7.
276 4026 324 4089 De
348 4027 499 4090 sententia
521 4026 580 4090 loci
605 4029 712 4092 τούτων
736 4027 846 4110 (Palat.
869 4030 937 4111 τῶν)
960 4035 1085 4093 τοιαῦτα
1108 4030 1208 4106 λεγόν-

110 4161 169 4202 των
200 4139 233 4201 ἕκ
259 4144 314 4200 τῶν
337 4135 527 4215 τετρακοσίων
550 4143 635 4200 πλεῖν
659 4136 675 4211 ἢ
702 4136 792 4216 qiam
815 4138 984 4213 γενήσονται
1005 4143 1142 4215 constat,
1167 4139 1205 4203 de

114 4247 230 4324 verbis,
260 4245 372 4329 quibus
403 4268 478 4308 usus
511 4246 552 4308 sit
583 4254 708 4322 auctor,
742 4253 907 4331 pugnatur.
943 4246 1110 4331 Requiras:
1134 4247 1205 4326 „his

113 4355 189 4418 talia
212 4355 423 4419 obtinentibus
447 4355 495 4419 vel
519 4356 759 4440 approbantibus
767 4356 797 4433 ,’'
821 4357 930 4439 utique
951 4356 1062 4420 fortius
1078 4357 1204 4421 verbum
