2850 5024
734 375 799 434 ‘226

221 598 315 662 quor,
346 573 419 658 quid
450 575 481 637 in
517 572 574 635 hac
609 571 740 635 lectione
774 571 833 635 sibi
868 572 943 636 velit
970 575 1168 656 praeteritum
1203 577 1330 650 ἡγησοί-

219 690 306 765 μείοι.

265 798 313 862 lb.
343 799 434 861 κοιίτοι
458 794 567 866 τοίντις
591 794 750 859 ἐπίστησθε
773 791 816 858 ὅτι
840 794 960 872 οὐδεμίαι
979 795 1062 866 ἐλπίς
1082 797 1226 876 σωτηρίως
1253 799 1328 873 ὑμῖν

220 908 445 986 δυςτνχησοισιν.
487 902 560 966 Non
594 903 797 966 necessarium
829 904 971 986 quidem,
997 904 1048 968 sed
1073 914 1177 968 tamen
1206 915 1325 990 aptum

219 1017 299 1081 foret
320 1018 387 1094 ὑμῖν
411 1021 458 1079 νῦν
470 1015 494 1080 δ.
520 1013 710 1097 Explicanda
726 1012 801 1076 haec
817 1021 890 1077 sunt
906 1037 943 1078 ex
959 1017 976 1098 p
995 1017 1029 1077 ll
1045 1041 1051 1076 :
1069 1014 1147 1086 ὅστις
1163 1016 1192 1080 ἕν
1209 1017 1326 1081 τοσοιύ·

217 1154 253 1211 τη
271 1129 377 1209 σίτορίρι
395 1131 450 1190 τῶν
470 1124 611 1205 ὑμετέρων
630 1125 835 1206 τρωγμοίτων,
856 1147 892 1188 ex
909 1125 1021 1209 quibus
1037 1134 1162 1210 apparet
1181 1149 1208 1189 a.
1229 1129 1321 1203 389,

218 1260 278 1323 quo
307 1237 381 1301 haec
412 1237 508 1299 oratio
540 1234 646 1298 habita
670 1242 732 1312 est,
759 1236 836 1299 vires
860 1235 993 1299 civitatis
1017 1258 1165 1320 perquam
1189 1237 1321 1300 attritas

216 1349 322 1412 fuisse.
357 1347 442 1411 Dum
465 1346 540 1410 dicit
563 1368 629 1408 eam
647 1367 711 1408 esse
731 1345 943 1409 condicionem
960 1346 1111 1423 civitatis,
1133 1354 1168 1409 ut
1187 1347 1215 1409 si
1237 1347 1320 1429 quid

217 1481 304 1522 secus
336 1457 497 1535 acciderit,
530 1463 632 1519 actum
663 1455 704 1518 sit
735 1455 773 1518 de
804 1456 869 1519 eius
900 1456 1076 1540 integritate
1083 1504 1093 1533 ,
1119 1462 1213 1538 auget
1238 1478 1317 1519 sane

216 1568 399 1651 periculum.
428 1566 474 1630 Cf.
498 1568 589 1629 etiam
607 1568 624 1649 p
645 1565 796 1630 Ἰετοίντοι
815 1563 971 1646 τροίττειν,
991 1562 1066 1634 ὅπως
1087 1566 1169 1640 ὑμεῖς
1186 1568 1221 1630 ἐν
1237 1573 1318 1636 τοῖς

216 1676 435 1749 δεινοτάτοις
457 1677 625 1747 κινδύνοις
646 1676 696 1758 (cf.
713 1678 764 1759 14)
787 1677 859 1739 καθ’
878 1675 1032 1750 ἑκοίστην
1051 1675 1183 1753 ἡμέρων
1199 1675 1314 1740 ἔσεσθε.

262 1787 315 1858 Δὶς
343 1787 451 1852 τωύτὸν
483 1789 551 1862 ἡμῖν
581 1782 646 1850 εἶτε
676 1785 783 1869 Lysias
815 1786 846 1849 in
879 1787 926 1849 his
954 1788 971 1869 ᾧ
999 1787 1053 1848 16:
1082 1785 1216 1862 οὐδεμίην
1241 1786 1315 1862 ὑμῖν

216 1896 340 1962 είσοντοιι
370 1895 473 1979 χοίριν,
505 1896 589 1961 aaa&
618 1904 678 1966 τοῖς
708 1896 898 1972 ἀνηλωμένοις
928 1895 978 1959 act
1009 1903 1069 1966 τοῖς
1091 1898 1243 1974 χρημωσιν
1267 1891 1312 1967 οἷς

215 2009 392 2088 ὑφηρηντοιι·
416 2005 488 2071 ίίστι
512 2006 563 2078 την
586 2007 640 2082 μὲν
663 2006 770 2085 ἔχίροιν
793 2006 860 2080 ὑμῖν
884 2007 981 2076 αὐτοῖς
1005 2005 1223 2086 κοιτοιλείψετε,
1242 2014 1311 2079 τῆς

213 2115 247 2180 δὲ
278 2117 455 2197 σωτηρίοις
482 2117 629 2186 ἐκείνοις
660 2115 818 2180 είσοντοιι
848 2114 964 2194 χοίριν.
1011 2113 1093 2177 Nam
1124 2115 1238 2186 ἐκείνως
1262 2139 1311 2179 re-

212 2226 310 2290 fertur
333 2227 372 2290 ad
395 2227 449 2290 illa
471 2227 644 2303 οὶνηλωμὲνοι
666 2226 715 2290 νωιί
739 2226 896 2306 χρημοσοι.
928 2224 1018 2289 Nihil
1034 2224 1188 2309 praecedit
1203 2224 1310 2302 aliud,
1359 2268 1368 2285 .

211 2359 274 2420 quo
308 2337 412 2401 referri
448 2336 553 2420 possit.

257 2447 295 2510 In
329 2447 389 2509 fine
420 2445 497 2508 haec
525 2444 688 2528 leguntur:
720 2444 799 2520 ίιξιον
818 2482 864 2492 -
886 2444 969 2524 τοιρίι
992 2450 1047 2508 τῶν
1066 2443 1237 2508 οίδικοιίντων
1255 2445 1313 2517 την

209 2552 286 2632 δίκην
308 2557 426 2634 λωβεῖν.
465 2555 564 2639 Urget
593 2562 760 2619 extremum
793 2553 980 2639 supplicium
1013 2577 1078 2618 esso
1109 2555 1310 2619 sumendum.

209 2665 334 2730 Excidit
356 2664 488 2746 ἐσχοίτην
511 2672 582 2729 ante
605 2665 692 2740 δίκην.
732 2663 779 2728 Cf.
803 2665 891 2729 initio
912 2665 1072 2728 sectionis:
1094 2664 1129 2728 ίιν
1148 2665 1202 2742 μὲν
1222 2669 1309 2746 τοιροὶ

209 2776 317 2842 τούτων
338 2779 391 2851 την
413 2774 558 2852 μεγίστην
581 2774 659 2848 δίκην
682 2773 809 2852 λοίβητε.

458 3005 546 3048 xxlx.
578 3011 653 3049 ΚΑΤΑ
674 3011 876 3062 φῐΛΟΚΡΑΤΟΤΣ·
905 3011 1051 3050 ΕΠῙΛΟΓΟΣ.

253 3209 359 3273 Altera
393 3231 462 3292 pars
497 3208 705 3293 inscriptionis
742 3208 900 3292 (ἐπίλογος)
938 3207 1099 3271 manifesto
1131 3207 1208 3272 falsa
1240 3217 1307 3287 est3

211 3320 313 3383 statim
347 3319 428 3382 euim
460 3317 498 3381 ab
527 3319 618 3382 initio
646 3317 776 3382 totidem
799 3318 898 3382 verbis
923 3319 1075 3383 neminem
1098 3340 1161 3381 esse
1184 3328 1309 3403 praeter

210 3450 242 3491 sc
271 3437 478 3492 accusatorem
505 3436 606 3492 orator
629 3436 760 3492 testatur
783 3426 829 3513 (ὧν
852 3430 941 3500 οὐδεὶς
964 3431 1020 3494 νυνί
1044 3431 1206 3512 φοιίνετοιι).
1242 3433 1309 3515 Ap-

208 3545 295 3624 paret
328 3538 424 3621 igitur
456 3539 575 3602 nullam
609 3539 777 3603 orationem
806 3539 900 3604 fuisse
927 3541 1161 3624 pronunciatum
1185 3548 1308 3624 praeter

208 3647 297 3711 hanc.
337 3647 404 3711 Iam
420 3670 490 3711 vero
507 3649 675 3731 exspectari
698 3649 806 3727 debet,
830 3649 957 3733 utquid
974 3651 1047 3714 velit
1062 3657 1221 3713 accusator
1236 3672 1306 3734 per-

207 3758 311 3841 spicue
335 3765 366 3819 et
388 3758 478 3842 plane
501 3756 639 3836 dicatur,
663 3765 760 3842 utque
783 3759 1020 3838 demonstratio,
1045 3761 1182 3844 quamvis
1199 3759 1301 3825 brevis

205 3874 235 3931 et
259 3867 399 3945 astricta,
423 3875 525 3931 tamen
550 3868 590 3930 sit
613 3849 713 3952 gravis
730 3875 823 3953 atque
839 3869 971 3933 subtilis.
1011 3869 1071 3934 sed
1087 3877 1232 3934 neutrum
1249 3872 1295 3934 fit.

204 3976 251 4039 De
282 3977 473 4040 accusatione
503 3983 650 4063 tanquam
681 3978 719 4041 de
750 4001 781 4041 re
812 3986 886 4042 uota
917 3982 964 4062 (τῇ
996 3983 1172 4064 anomacus)
1197 4002 1296 4044 sermo

204 4094 250 4150 est
283 4088 311 4171 (ξ
336 4089 383 4171 l);
416 4094 483 4150 tum
514 4090 540 4171 (t
564 4092 595 4173 3)
626 4090 802 4152 summatim
833 4091 961 4154 refertur·
991 4091 1030 4155 de
1052 4089 1296 4168 consuetudine,

180 4232 182 4237 ·
204 4213 282 4279 quae
313 4197 393 4260 inter
423 4196 599 4281 Ergoclem,
624 4199 712 4262 cuius
736 4199 816 4263 bona
839 4201 995 4284 publicata
1018 4221 1072 4286 spe
1095 4202 1217 4265 fuerant
1240 4203 1296 4265 mi-

204 4328 294 4385 nora,
327 4314 358 4370 et
380 4307 601 4386 Philocratem,
635 4332 652 4372 a
683 4331 744 4391 quo
775 4333 857 4374 nunc
881 4311 1019 4395 Ergoclis
1044 4313 1124 4374 bona
1147 4333 1201 4395 per
1223 4314 1298 4377 σίτο-
