2850 5024
658 356 697 417 13

131 555 195 620 lide
217 557 250 620 in
275 555 410 620 oratione
432 557 500 620 κατ’
523 553 709 634 Ἐργοκλέους
733 556 799 638 (28)
814 556 831 639 ᾧ
848 556 866 617 8
883 555 1087 639 suspicionem
1103 564 1218 634 movet,

133 667 377 753 Thrasybulum,
401 676 437 731 ut
460 667 575 730 iudicio
599 690 630 730 se
654 665 874 746 substraheret,
898 675 1027 732 mortem
1043 669 1102 733 sibi
1118 669 1220 754 ipsum

134 779 286 843 intulisse.
322 778 413 859 Quod
446 780 472 842 si
503 779 536 842 in
560 778 607 842 his
631 778 735 856 rebus,
761 801 838 864 quae
869 801 905 842 ex
929 778 1057 842 historia
1080 779 1221 865 redargui

135 898 282 975 possunt,
314 890 390 955 falsa
413 889 651 976 deprehenditur
674 888 854 968 tradidisse,
879 889 955 974 quid
979 890 1220 954 existimabimus

135 1009 286 1066 oratorem
308 1002 415 1066 fecisse
431 1004 462 1066 in
478 1003 596 1088 privata
612 1003 674 1065 vita
690 1023 810 1064 reorum
826 1001 1011 1079 enarranda,
1028 1024 1105 1086 quae
1122 1001 1220 1065 multo

133 1113 232 1198 magis
254 1112 399 1177 latuerit?
434 1111 493 1177 Sed
520 1113 609 1177 nobis
632 1119 719 1176 tanto
743 1111 901 1176 intervallo
925 1112 962 1176 ab
986 1113 1054 1177 istis
1077 1113 1219 1198 tempori·

133 1224 190 1288 bns
214 1225 360 1308 separatis
384 1223 540 1288 difficilius
564 1231 609 1288 est
633 1225 665 1287 in
689 1224 745 1288 hac
769 1247 800 1288 re
823 1247 928 1288 verum
951 1226 1130 1311 perspicere.
1163 1224 1219 1287 Ta·

130 1359 202 1400 men
233 1336 283 1400 1111
315 1358 437 1420 quoque
460 1336 590 1420 vestigia
613 1333 763 1420 quaedam
787 1343 934 1420 apparent
956 1336 1102 1413 rationis,
1127 1358 1219 1418 quam

131 1456 254 1511 secutus
285 1448 334 1512 sit.
371 1446 461 1527 Quod
493 1447 688 1511 Theomnasti
719 1453 877 1510 accusator
908 1469 939 1510 11
970 1445 1046 1510 (11111
1074 1445 1219 1509 tredecim

131 1580 227 1622 annos
258 1566 365 1622 natum
395 1557 502 1637 fuisse,
534 1581 631 1643 quum
659 1559 786 1644 triginta
811 1558 1009 1635 eiicerentur,
1034 1580 1069 1621 eo
1092 1557 1219 1621 referen-

132 1668 206 1733 dum
230 1678 305 1754 puto
329 1670 379 1752 (cf.
404 1668 442 1733 ad
469 1672 520 1733 10.
546 1672 610 1754 31).
647 1669 781 1733 Omnino
804 1692 873 1733 vere
893 1668 971 1732 dixit
998 1669 1164 1753 Dionysius
1181 1669 1219 1732 de

132 1780 225 1865 Lysia
256 1783 309 1843 18:
341 1779 409 1859 ὅπερ
437 1782 585 1862 Ὄμηρος,
618 1784 740 1846 ἐπαινῶν
770 1783 817 1846 τὸυ
848 1781 1009 1857 Ὀδυσσέα,
1037 1785 1073 1853 ὡς
1104 1783 1219 1848 nitente

132 1893 223 1957 εἰπεῖν
250 1892 299 1956 καὶ
333 1893 503 1958 πλάσασθαι
525 1893 566 1957 τὰ
589 1894 630 1970 μὴ
653 1893 815 1971 γευόμενα,
840 1893 948 1977 εἴρηκε,
968 1893 1055 1958 τοῦτο’
1077 1917 1124 1970 μοι
1145 1893 1222 1958 δοκεῖ

132 2002 187 2067 κᾶν
211 2003 257 2067 ἐπὶ
281 2004 389 2068 Λυσίου
411 2029 455 2076 τις
478 2006 577 2069 εἰπεῖν·

174 2114 256 2178 ’Ίσκε
279 2115 391 2194 ψεύδεα
414 2116 513 2180 netad
537 2117 634 2192 λέγων
656 2115 800 2192 ἐτύμοισιν
823 2117 919 2192 ὁμοῖα.

451 2379 454 2385 ,
509 2338 555 2400 De
578 2338 840 2418 Aryamcatctione.

180 2557 251 2621 Non
275 2558 442 2642 exspectari
465 2565 565 2640 potest
589 2557 626 2620 ab
650 2557 713 2620 ullo
738 2564 872 2634 oratore,
897 2565 933 2620 ut
956 2579 1033 2641 quae
1057 2559 1161 2624 afferat
1177 2585 1220 2624 ar-

134 2676 280 2752 gumenta
310 2668 474 2732 lectoribus
505 2668 672 2752 probentur
703 2669 822 2746 omnia;
853 2678 926 2732 sunt
958 2670 990 2732 in
1021 2673 1104 2735 omni
1129 2690 1220 2736 eausa

134 2783 245 2859 dubia,
270 2781 308 2844 ad
332 2803 409 2865 quae
432 2780 613 2844 removenda
636 2780 828 2844 auditoribus
851 2781 883 2844 in
907 2781 997 2845 breve
1020 2789 1141 2866 tempus
1166 2784 1219 2846 im-

134 2895 208 2978 poni
238 2902 355 2978 potest,
385 2894 442 2957 etsi
471 2900 649 2977 argumenta
672 2892 851 2977 diligentius
877 2892 1032 2977 explorata
1055 2894 1218 2959 lectoribus

133 3029 194 3069 non
227 3003 442 3068 satisfacerent.
489 3003 529 3066 Et
559 3026 597 3067 111
629 3004 755 3066 atenui
787 3003 912 3086 quidem
935 3027 1044 3087 genere
1067 3006 1218 3070 calliditas

134 3115 362 3181 demonstrandi
386 3115 488 3192 abest,
512 3113 603 3178 modo
627 3136 665 3178 ne
686 3113 827 3177 ostendat
845 3121 875 3177 et
890 3137 962 3199 prae
978 3138 1009 3178 se
1025 3115 1102 3179 ferat
1118 3125 1219 3180 orator

133 3229 296 3293 artificium
319 3236 349 3293 11
372 3240 528 3292 versutum
551 3227 704 3305 animum,
730 3225 782 3290 sed
806 3226 1059 3310 videanturquae
1077 3228 1219 3292 1111111-

134 3343 192 3406 1111
223 3366 254 3405 11
284 3341 340 3404 uni
371 3363 407 3403 ex
436 3339 542 3403 multis
566 3338 670 3401 offerre
694 3360 792 3422 posse.
838 3337 910 3402 Non
933 3362 1051 3425 semper
1074 3341 1220 3404 successit

134 3453 260 3538 Lysiae,
285 3459 321 3515 ut
343 3451 416 3514 huic
437 3451 593 3534 postulato
617 3449 811 3515 satisfaceret.

178 3565 282 3628 Iustae
313 3571 404 3647 atque
435 3584 578 3626 nervosae
608 3561 875 3625 demonstrationis
914 3563 1051 3647 exempla
1087 3563 1136 3626 hic
1168 3587 1218 3627 cu·

134 3676 249 3740 1111111
272 3676 350 3740 nihil
374 3676 484 3738 attinet
491 3701 500 3752 3
525 3680 647 3737 tantum
669 3697 707 3737 ne
731 3673 834 3737 videar
855 3674 965 3737 menda
988 3675 1096 3737 sectari
1120 3674 1215 3752 velle,

133 3809 295 3872 provocare
318 3788 408 3851 liccat
431 3786 469 3850 ad
493 3786 661 3849 orationem
683 3787 715 3850 in
739 3785 973 3849 Eratosthenem
996 3789 1063 3871 (12)
1086 3789 1103 3872 ᾧ
1127 3791 1217 3852 1611

134 3903 194 3976 34,
226 3900 264 3962 ad
294 3900 545 3964 Theomnesteam
568 3899 715 3982 priorem,
741 3900 807 3982 (10)
830 3901 846 3982 S
870 3902 909 3976 6,
935 3922 1019 3983 sqq.,
1045 3899 1083 3963 ad
1107 3901 1217 3964 oratio·

133 4035 203 4075 nem
233 4013 270 4075 de
301 4010 392 4075 caede
420 4009 631 4073 Eratosthenis
655 4011 699 4092 (l)
721 4011 738 4094 l}
761 4012 910 4088 39-42,
936 4018 1040 4073 contra
1063 4010 1217 4075 Simonem

133 4126 187 4208 (3),
210 4126 227 4209 b
251 4125 399 4200 28-33,
424 4123 514 4200 δήμου
545 4122 735 4193 καταλύσεως
758 4122 924 4199 donnoniae
947 4124 1029 4206 (25),
1054 4125 1070 4206 S
1094 4125 1123 4200 8,
1149 4146 1214 4210 sqq.

134 4235 194 4299 Sed
217 4235 395 4319 diligentius
418 4232 637 4297 attendendum
660 4241 706 4296 est
729 4232 767 4295 ad
791 4256 926 4319 eaquae
949 4235 1105 4319 proprium
1122 4235 1217 4318 quod-

134 4345 204 4410 dam
232 4345 460 4410 demonstrandi
483 4343 643 4406 artificium
666 4344 796 4420 habent,
822 4353 856 4408 ut
879 4353 1039 4431 appareat,
1065 4354 1216 4429 quatenus
