2850 5024
771 372 813 434 64

246 568 412 632 accusatori
444 569 611 653 quaedam,
644 591 722 654 quae
752 569 870 655 Polycli
902 571 1057 636 officerent
1080 574 1263 639 1111111111
1289 598 1341 640 eos

244 681 418 744 conveniret
441 704 631 745 communem
655 705 725 746 cum
748 683 873 768 Polycle
897 707 1020 749 cansam
1036 692 1177 770 agentes;
1195 697 1268 771 post
1284 687 1341 751 illa

242 799 325 872 σφῶν
359 816 396 870 γε
427 795 521 856 αὐτῶν
550 793 727 872 κατηγόρουν
759 794 947 879 pergendum
979 804 1044 859 erat
1076 795 1119 860 sic
1150 797 1229 860 lere:
1264 820 1339 862 nam

175 959 177 964 .
242 903 360 989 Polycli
391 903 483 967 etiam
516 903 693 968 calumniati
726 911 808 968 sunt.
840 904 905 968 Iam
931 905 1103 970 satisfacere
1127 907 1189 970 fere
1212 917 1337 991 posset:

241 1017 265 1080 εἰ
295 1017 355 1096 γὰρ
387 1011 465 1079 εἷπον
493 1016 574 1091 ἐμοί,
606 1013 627 1080 ἃ
654 1017 696 1094 μή
718 1018 798 1093 μετὰ
823 1018 931 1082 τούτων
954 1018 1138 1096 ἀδικουμένου
1160 1043 1216 1097 μου
1239 1021 1333 1098 μηδὲν

241 1124 272 1202 ήν
293 1128 398 1192 δίκαιον
420 1128 525 1202 εἰπεῖν,
550 1124 568 1202 ή
588 1151 642 1192 που
665 1132 762 1198 καλῶς
782 1128 992 1208 συνέπραττον,
1017 1151 1112 1207 „nam
1134 1129 1160 1193 si
1184 1129 1336 1195 dixerunt

240 1239 353 1317 „mihi,
379 1257 456 1323 quae
478 1239 538 1302 nisi
562 1260 632 1302 oum
655 1239 730 1322 ipsis
754 1239 845 1302 simul
865 1240 966 1303 laesus
983 1262 1076 1303 essem
1086 1289 1095 1318 ,
1112 1240 1235 1305 minime
1252 1243 1334 1307 mihi

188 1380 194 1394 ·
240 1351 362 1430 „dicere
381 1371 432 1412 eos
448 1349 623 1434 oportebat,
646 1349 751 1433 pulcre
771 1373 842 1414 sane
860 1350 978 1435 Polycli
994 1350 1261 1436 opitulabantur.’'
1293 1353 1333 1418 In

240 1485 301 1547 quo
325 1462 422 1525 forma
445 1459 662 1524 condicionalis
686 1483 748 1524 non
772 1462 917 1526 incertam
940 1485 1004 1526 rem
1027 1462 1195 1546 significat,
1220 1463 1277 1527 sed
1292 1464 1334 1530 de

239 1597 270 1638 re
301 1581 469 1657 usurpatur
500 1572 624 1635 minime
656 1571 750 1636 dubia
781 1573 880 1657 (quasi
908 1572 1008 1636 dicas:
1034 1574 1061 1636 si
1082 1595 1187 1638 verum
1212 1585 1277 1655 est,
1304 1577 1335 1639 si

237 1686 362 1750 minime
394 1682 523 1747 dubium
554 1691 615 1760 est,
648 1704 698 1746 eos
722 1682 834 1747 dixisse
857 1684 955 1768 mihi).
1002 1682 1062 1748 Sed
1086 1684 1194 1770 pedem
1217 1709 1254 1751 ex
1281 1688 1332 1752 his

237 1796 362 1861 salebris
385 1794 537 1858 retrahere
563 1803 705 1879 praestat.

563 2041 605 2083 lX.
635 2049 705 2087 THEI’
728 2051 783 2087 ΊῸΤ
806 2049 993 2087 ΣΤΡΑΤΙΩΤΟὙ.

281 2244 424 2309 Mutilam
453 2267 518 2308 esse
548 2245 716 2308 orationem
748 2246 816 2325 ὑπὲρ
842 2251 894 2312 τοῦ
918 2247 1109 2326 στρατιώτου,
1134 2267 1196 2330 qua
1218 2269 1250 2310 se
1276 2247 1329 2312 de·

235 2356 333 2420 1111111
361 2355 533 2440 Polyaenus
566 2356 604 2418 de
634 2355 751 2419 mulcta
781 2377 844 2418 non
875 2356 993 2435 soluta,
1026 2379 1063 2420 ex
1091 2357 1159 2440 ipso
1187 2342 1326 2442 perspici

234 2468 387 2554 prooemio
418 2464 536 2552 potest,
566 2466 599 2530 in
623 2489 685 2552 quo
709 2490 741 2531 se
764 2467 920 2531 dicturum
943 2467 1096 2553 promittit
1119 2468 1254 2551 quaein
1279 2491 1326 2532 se·

234 2579 398 2665 quentibus
430 2578 651 2642 desiderantur.
695 2577 831 2657 Vellem,
862 2579 981 2663 inquit,
1014 2578 1051 2643 de
1081 2578 1217 2642 moribus
1244 2581 1324 2644 meis

231 2700 331 2755 tacere
361 2690 437 2754 mihi
468 2688 572 2752 liceret
579 2714 588 2765 3
618 2689 836 2766 διαβαλλόντων
863 2689 893 2754 δέ
915 2715 955 2766 ροε
976 2697 1032 2755 τῶν
1054 2689 1201 2754 alurediana
1223 2692 1323 2768 οἰναγ-

231 2802 312 2868 ιιαῖόν
335 2803 396 2866 ἐστι
419 2800 499 2881 περὶ
523 2801 666 2865 πάντων
689 2801 740 2874 τήν
761 2801 925 2878 οὶπολογίαν
947 2802 1129 2877 ποιήσασθαι.
1165 2799 1224 2883 Sed
1240 2801 1324 2866 nihil

231 2915 269 2978 de
299 2915 362 2978 1111
390 2912 486 2998 ipsius
517 2921 587 2976 ante
611 2919 679 2975 acta
701 2912 815 2997 legitur
838 2912 898 2976 nisi
921 2911 1004 2996 quod
1028 2919 1197 2997 potestate,
1222 2934 1319 2995 quam

231 3025 289 3090 sibi
323 3047 376 3110 per
409 3023 538 3088 Sostrati
572 3022 732 3087 cuiusdam
765 3022 1002 3086 familiaritatem
1039 3022 1219 3106 peperisset,
1255 3045 1321 3089 non

231 3137 345 3201 abusus
369 3143 449 3200 esset
471 3135 519 3199 111
543 3134 581 3198 ad
604 3135 745 3203 inimicos
768 3132 932 3198 laedendos
955 3133 1003 3197 111
1027 3132 1065 3196 ad
1087 3133 1198 3198 amicos
1214 3133 1323 3199 iuvan-

230 3249 301 3328 dos,
332 3251 349 3333 1
381 3252 431 3312 14.
478 3247 593 3311 Tamen
620 3246 719 3310 multo
750 3246 841 3332 plura
868 3246 995 3310 crimina
1017 3267 1109 3330 quam
1133 3245 1223 3309 istam
1246 3247 1323 3310 ami·

230 3362 333 3424 citiam
363 3361 396 3424 11
428 3381 498 3424 eum
529 3359 717 3444 congessisse
748 3357 953 3435 adversarios,
986 3377 1117 3439 quorum
1148 3363 1214 3419 tota
1237 3357 1321 3420 ratio

230 3494 247 3535 a
277 3473 376 3556 capite
407 3493 515 3536 causae
544 3470 660 3534 deflexa
689 3470 721 3534 in
752 3468 931 3534 insectanda
958 3469 1001 3531 rei
1024 3468 1088 3531 1111
1111 3467 1320 3548 constitisset,

227 3604 289 3647 uon
320 3581 450 3647 dubium
480 3589 535 3645 est.
581 3581 677 3644 Porro
708 3587 814 3644 contra
843 3589 999 3644 oratorum
1023 3577 1277 3642 consuetudinem
1303 3603 1322 3644 a

229 3694 345 3758 directa
368 3691 607 3777 interrogatione
629 3690 755 3776 incipit:
779 3692 810 3755 σι’
832 3714 903 3755 ποτε
925 3688 1113 3765 διανοηθέντες
1136 3693 1159 3753 οἱ
1182 3691 1319 3757 dardana

228 3811 278 3871 τοῦ
310 3806 364 3883 μὲν
392 3804 570 3886 πράγματος
594 3804 819 3883 παρημελήκασι
843 3802 891 3866 τὸν
913 3800 1063 3881 δὲτρόπον
1085 3824 1142 3878 μου
1165 3801 1318 3881 ἐπεχείρη-

226 3942 283 3983 σαν
306 3916 496 3995 &talliatam
520 3915 575 3980 ubi
597 3917 733 3980 mirandi
752 3913 879 3978 verbum
904 3920 934 3975 et
955 3911 1092 3976 iudicum
1109 3911 1318 3997 compellatio-

190 4070 192 4074 ·
226 4051 296 4093 nem
315 4028 463 4093 desidero.
496 4027 636 4091 Sectione
662 4028 700 4088 12
726 4025 838 4088 omissa
857 4014 920 4087 esse
940 4022 1032 4087 verba
1050 4022 1111 4088 οὐδέ
1131 4031 1162 4087 11
1176 4024 1316 4103 εὐθύνας,

226 4140 317 4204 hodie
339 4141 372 4204 in
396 4138 533 4202 confesso
557 4145 603 4201 est
626 4144 657 4200 et
678 4137 753 4220 §14
774 4143 845 4198 ante
865 4136 917 4204 τὴν
932 4134 986 4212 μὲν
1001 4130 1047 4200 οὖν
1062 4135 1147 4214 ὀργήν
1163 4133 1315 4218 quaedam

227 4252 373 4316 excidisse
404 4249 545 4314 Scheibio
577 4246 805 4312 assentiendum
836 4246 967 4310 videtur.
1014 4245 1056 4309 ut
1086 4247 1213 4310 fortasse
1243 4248 1260 4330 1
1294 4249 1312 4310 l

226 4362 306 4428 idem
330 4361 443 4427 accidit
464 4368 534 4447 post
556 4361 655 4436 λήσειν
678 4361 786 4445 (λήσειν
809 4355 1012 4442 οὶδικοῦντεςῗ).
1098 4387 1100 4391 ’
