2850 5024
695 408 755 469 132

221 611 307 688 ὀρθῆς
330 606 379 670 καὶ
401 609 479 682 ἡμῶν
498 606 625 686 οῖκοθειν,
643 604 694 669 θόσ-

223 742 275 797 περ
294 723 349 781 τῶν
368 715 534 796 κατηγόρων
551 716 631 799 (fort.
645 717 693 779 καὶ

203 880 209 905 ,
224 830 323 906 ὁμοίως
340 834 418 903 ημῶν
438 829 475 890 cf.
494 827 579 890 Dem.
598 829 699 910 18.1).

181 1388 210 1449 3.
223 1385 340 1462 οὶνοόγκη
369 1386 428 1465 γαρ
457 1384 504 1448 τὸν
534 1382 695 1459 οὶπολογοθ-

224 1521 321 1579 μενον,
341 1495 395 1560 κθιν
413 1494 446 1571 ἕξ
463 1494 522 1559 ἴσου
542 1497 695 1576 οῖκροόισθε,

225 1609 347 1673 ἔλαττον
368 1607 463 1687 ἔχειν.
484 1608 507 1670 οἱ
524 1606 576 1682 μὲν
592 1606 650 1685 γόιρ
664 1608 696 1670 ἐκ

226 1725 335 1783 πολλοῦ
369 1718 470 1798 χρόνον
505 1716 701 1792 ἐπιβουλεύον-

225 1855 292 1905 τες,
318 1829 399 1893 αὐτοὶ
422 1827 490 1892 ἄνευ
510 1829 638 1892 κινδύνων
661 1828 700 1891 όν-

226 1965 292 2016 τες,
323 1943 374 2014 την
403 1940 580 2019 κατηγορίαν
610 1941 702 2014 ἐποιή-

227 2077 333 2128 σαντο,
357 2056 439 2127 ἡμεῖς
461 2051 485 2113 δ’
502 2048 701 2130 ἀγωνιζόμεθα

228 2165 307 2242 μετὰ
331 2163 407 2234 δέους
428 2164 474 2226 καὶ
496 2163 632 2238 διαβολῆς
652 2162 701 2225 καὶ

236 2274 358 2338 κινδύνου
386 2273 466 2358 (add.
483 2279 545 2337 τοῦ
558 2272 583 2357 Ρ)
618 2272 703 2349 μεγέ-

229 2410 312 2450 στσυ,
335 2385 407 2457 εῖκδς
426 2380 471 2448 οὖν
492 2386 570 2459 ὑμαῖς
594 2383 701 2447 εὔνοιαν

228 2500 318 2562 πλείω
347 2497 425 2577 ἔχειν
455 2503 513 2566 τοῖς
543 2498 703 2571 οῖπολογου·

185 2614 216 2672 θ.
229 2611 337 2685 μένοις.
377 2604 455 2684 οἶμαι
491 2608 550 2683 γθιρ
585 2606 701 2677 πιόντας

230 2723 308 2798 ὑμᾶς
336 2720 436 2784 εἰδέναι
459 2717 502 2782 ότι
526 2717 627 2781 πολλοὶ
652 2717 702 2792 ἤδη

230 2832 329 2896 πολλοὶ
363 2830 411 2894 καὶ
440 2830 516 2893 δεινόν
546 2829 705 2907 κατηγορή-

229 2969 334 3015 σαντες
370 2950 559 3023 παραχρῆμοο
587 2939 707 3016 ἕξθλὲθ·

218 3057 341 3138 ,χθησαν
364 3053 529 3135 ψευδόμενοι
550 3050 621 3116 οὕτω
642 3057 703 3132 φα-

228 3173 326 3247 νεριῖις,
346 3163 409 3229 ὥσθ’
430 3164 498 3244 ὑπὲρ
516 3162 632 3228 πιόντων
647 3168 703 3226 τῶν

229 3275 442 3358 πεπραγμένων
476 3273 641 3351 μισηθέντες
672 3276 704 3337 οῖ-

228 3390 358 3453 πελθεῖν·
378 3389 402 3451 οἱ
420 3388 443 3449 δ’
455 3382 493 3450 αὖ
504 3386 703 3466 μαρτυρθσαν-

227 3525 277 3571 τες
315 3499 356 3563 τόν
389 3499 482 3578 ψευδῆ
515 3500 563 3562 καὶ
598 3498 700 3568 οὶδίκως

208 3662 213 3672 .
228 3610 427 3681 οῖπολέσαντες
444 3609 601 3689 οὶνθριθπους
614 3607 703 3673 ἑοθλω-

228 3747 284 3788 σαν
292 3772 302 3805 ‚
327 3721 396 3797 ἡνίκ’
411 3719 487 3784 οὐδὲν
503 3714 534 3794 ἦν
547 3718 634 3782 πλέον
645 3726 704 3791 τοῖς

229 3833 410 3898 πεπονθόσιν.
438 3828 481 3895 ὅτ’
512 3826 558 3894 οὖν
580 3835 704 3894 τοιαῦτα

229 3944 329 4010 πολλοὶ
349 3942 526 4022 γεγένηται,
545 3943 581 4012 ὡς
598 3943 656 4016 ἐγὼ
673 3944 706 4005 οῖ-

229 4057 318 4131 κοθω,
336 4052 408 4125 εἰκὸς
426 4054 505 4130 ὑμᾶς
522 4048 652 4132 ιθόινδρες
669 4053 706 4116 δι-

230 4167 342 4232 κασταό
349 4218 358 4250 ,
371 4168 459 4244 μήπω
472 4165 537 4235 τοὺς
549 4170 604 4228 τῶν
617 4189 705 4237 κατη-

230 4277 568 4361 γθρωνλόγονςὴγεῖσθαι
576 4276 705 4354 πιστούς,

230 4396 296 4478 πρὶν
314 4391 350 4458 όιν
370 4389 419 4455 καὶ
440 4392 523 4464 ἡμεῖς
542 4386 677 4466 εἴπωμεν.

785 631 817 670 τε
837 607 921 689 ρ’ρθδια
941 605 1111 686 χαρίζεσθαι
1133 605 1183 669 καὶ
1205 605 1269 683 ἐμοὶ

785 715 855 789 θιὲιοι
902 723 1010 780 πολλοῦ
1061 725 1166 795 τυχεῖν
1200 715 1272 795 παρ’

749 830 777 889 6.
792 828 869 904 ὑμῶν
880 867 940 890 -.
958 831 1098 907 αἰτοῦμαι
1111 825 1156 892 οὖν
1169 829 1271 904 ὑμᾶς,

789 935 809 1002 ὦ
833 937 949 1019 ἄνδρες,
977 941 1085 1004 εθνοιαν
1104 940 1197 1003 πλείω
1215 962 1274 1003 πα

789 1048 954 1130 ρασχέσθαι
968 1053 1029 1129 ἐμοὶ
1045 1053 1099 1135 [τῷ
1110 1053 1275 1127 οθπολογου-

909 1162 922 1183 qk

791 1161 879 1246 μένῳ]
906 1189 922 1236 η
947 1171 1005 1234 τοῖς
1024 1163 1217 1246 κατηγόροις,
1237 1165 1275 1227 εἰ·

736 1298 739 1303 ·
790 1271 877 1343 δότας
889 1270 931 1337 ότι
939 1273 995 1338 κδν
1008 1273 1041 1349 ἐξ
1049 1274 1109 1339 ἴσον
1118 1275 1271 1356 σθκροοῖσθε,

785 1383 901 1460 οῖνοθγκη
945 1387 992 1449 τόν
1031 1387 1269 1464 οῖπολογοθμενον

786 1495 909 1560 ἔλαττον
929 1498 1026 1576 ἔχειν.
1046 1500 1069 1561 οἱ
1089 1499 1143 1576 μὲν
1161 1498 1224 1577 γαρ
1236 1499 1269 1559 ἐκ

786 1614 895 1672 πολλοῦ
917 1610 1017 1688 χρόνον
1043 1609 1272 1686 ἐπιβουλεύσαν-

791 1743 838 1789 τες
856 1719 904 1781 καὶ
925 1719 1085 1797 συνθέντες,
1105 1705 1186 1787 αὐτοὶ
1200 1720 1271 1785 ἄνευ

789 1831 918 1894 κινδθνων
928 1831 1006 1903 όντες
1012 1834 1083 1910 ,την
1093 1833 1274 1914 κατηγορίαν

791 1941 960 2014 ἐποιήσαντο
971 1962 978 1975 ·
992 1944 1049 2018 ε’γὼ
1062 1943 1091 2005 δὲ
1103 1944 1184 2019 μετόν
1194 1944 1275 2014 δέους

790 2051 839 2114 καὶ
861 2053 982 2116 κινδθνου
1001 2053 1050 2116 καὶ
1063 2053 1206 2128 διαβολῆς
1219 2063 1275 2128 τῆς

793 2164 937 2238 μεγίστης
957 2167 1008 2238 την
1027 2167 1193 2241 ἀπολογίαν
1213 2189 1276 2229 ποι-

793 2279 898 2350 οῦμαι.
923 2274 996 2346 εἰκὸς
1015 2272 1061 2339 οὖν
1089 2277 1167 2352 ὑμαῖς
1193 2277 1275 2340 ἐστιν

791 2384 898 2448 εθνοιαν
933 2386 1023 2450 πλεθω
1058 2388 1273 2468 παρασχέσθαι

792 2496 853 2571 ἐμοὶ
883 2497 899 2569 θ
930 2504 990 2568 τοῖς
1013 2497 1203 2579 κατηγόροις.
1229 2499 1273 2563 ἔτι

749 2607 819 2670 7.δέ
846 2607 895 2670 καὶ
923 2609 987 2673 τοδε
1014 2608 1200 2685 ἐνθυμητέον,
1228 2608 1274 2674 ότι

793 2720 893 2783 πολλοὶ
918 2720 967 2793 θδη
992 2722 1092 2785 πολλόν
1118 2720 1167 2784 καὶ
1193 2721 1276 2784 δεινοὶ

794 2831 1046 2909 κατηγορήσαντες
1082 2842 1277 2911 παραχρῆμα

797 2940 1020 3022 ἐξηλέγχθησαν
1044 2944 1213 3025 ψευδόμενοι
1232 2943 1278 3009 οἶό-

792 3077 831 3116 τω
850 3060 997 3137 φανερῶς,
1018 3054 1081 3119 θέσθ’
1100 3057 1177 3134 ὑμᾶς
1197 3057 1278 3122 πολὺ

793 3162 830 3228 θον
839 3163 911 3237 ἥδιον
923 3166 1001 3239 δι’κην
1011 3166 1117 3243 λαβεῖν
1125 3168 1209 3247 παρόν
1218 3173 1277 3232 τῶν

795 3277 963 3356 κατηγόρων
981 3277 998 3353 ἢ
1016 3279 1098 3357 παροδ
1112 3284 1167 3341 τῶν
1181 3303 1277 3353 κατη-

794 3387 990 3466 γορουμένων·
1008 3389 1032 3452 οἱ
1044 3388 1069 3452 δ
1081 3386 1120 3453 αὖ
1128 3392 1277 3471 μαρτυρή-

791 3522 896 3570 σαντες
909 3501 950 3564 τθι
959 3500 1051 3578 ψευδῆ
1060 3501 1162 3571 οῖδθκως
1172 3502 1277 3582 οὶκθριθ-

793 3632 862 3682 πους
894 3607 1112 3686 σῖπολέσαντες,
1137 3611 1275 3677 ἓοθλωσοιν

794 3720 864 3800 παρ’
899 3721 966 3799 ὑμῖν
1003 3720 1275 3806 ψευδομαρτυριῶν,

795 3830 865 3905 ἡνίκ’
889 3830 970 3895 οὐδὲν
994 3829 1025 3906 ἦν
1045 3831 1086 3896 ἔτι
1107 3832 1193 3896 πλέον
1214 3841 1278 3906 τοῖς

795 3941 971 4008 πεπονθόσιν.
1007 3941 1113 4008 “Οπότ’
1147 3938 1192 4008 οὖν
1222 3946 1276 4022 ἤδη

795 4054 894 4117 πολλόν
935 4059 1059 4119 τοιαῦτα
1093 4055 1276 4134 γεγένηται,

793 4165 864 4238 εἰκός
897 4167 975 4266 ὑμεῖς
1006 4171 1066 4231 ε’στι
1093 4170 1182 4245 μήπω
1205 4170 1277 4242 τοὺς

795 4285 863 4365 τῶν
887 4280 1052 4360 κατηγόρων
1090 4279 1194 4356 λόγους
1227 4306 1277 4346 πι-

790 4391 875 4462 στοὺς
898 4393 1040 4468 ἡγεῖσθαι.
