2850 5024
677 378 743 439 224

80 610 83 615 -
161 573 292 652 φαντίας
317 571 387 636 coll.
416 576 444 637 l.
472 577 511 636 12
535 573 582 639 ἵνα
599 575 636 639 σθ
660 598 716 651 γε,
740 574 815 653 ἔφη,
839 581 938 657 πειρᾷς
962 575 1090 638 ἐνταῦθα
1113 574 1171 646 τὴν
1195 597 1266 637 παι-

161 680 258 756 δίσκην
267 706 276 757 ;
299 683 316 764 θ
341 685 357 746 7
383 680 463 754 οὗτος
484 683 614 747 relatum
631 684 670 747 ad
686 684 859 748 subiectum
875 684 959 748 verbi
974 683 1129 768 regentis,
1150 682 1208 746 ubi
1226 683 1266 744 de

163 813 216 854 reo
247 792 350 875 agitur
384 794 523 869 ἡγοῦνται
552 831 597 842 -
628 796 706 871 ῦμοῦς
729 832 775 844 -
799 795 927 875 ἡσυχίαν
949 794 1018 874 πρὸς
1040 792 1164 864 τούτους
1190 791 1267 868 ἕξειν

161 901 200 963 el.
232 900 271 964 ad
305 903 357 963 25.
390 903 450 978 23,
483 925 513 987 p.
549 905 621 967 182.
670 903 753 968 Haeo
782 904 879 988 igitur
901 903 991 988 plene
1014 902 1148 986 Lysiaoa
1173 909 1262 965 sunt.

162 1010 331 1093 Dispositio
366 1010 532 1075 admodum
566 1012 712 1099 simplex;
748 1021 780 1077 et
814 1014 937 1077 omnino
973 1021 1037 1076 tam
1073 1012 1178 1076 brevis
1214 1019 1262 1075 est

160 1119 271 1195 oratio,
298 1128 333 1182 ut
361 1122 548 1185 accusationi
572 1122 711 1186 sufficere
735 1145 797 1186 non
821 1122 966 1207 potuerit.
1014 1121 1185 1205 Inscriptio
1208 1121 1264 1184 do-

160 1237 209 1292 cet
243 1229 398 1314 epilogum
434 1254 515 1309 esse;
552 1242 685 1296 ceterum
719 1240 783 1296 tam
814 1233 1018 1316 fragmentum
1050 1254 1116 1295 esse
1155 1239 1262 1316 potest

161 1340 308 1424 longioris
331 1343 492 1420 orationis,
517 1365 608 1426 quarn
632 1344 744 1407 ultima
772 1365 808 1405 ex
831 1341 969 1426 pluribus
986 1341 1020 1404 in
1036 1339 1143 1403 eadem
1165 1363 1260 1404 causa

162 1474 180 1513 a
210 1451 352 1536 pluribus
376 1454 605 1517 accusatoribus
629 1453 752 1518 habitis.

205 1564 275 1646 pl.
322 1558 403 1640 οἶμαι
436 1563 459 1626 δ’
482 1563 579 1640 ἔναυε
610 1565 726 1634 πάντας
759 1562 809 1646 (διν
841 1561 924 1646 add.)
952 1563 1031 1639 ὑμᾶς
1055 1562 1261 1643 ὁμολογῆται,

161 1673 185 1736 εί
217 1673 284 1748 ὑμῖν
318 1673 524 1749 ἐπηγγέλλετο
558 1675 676 1754 τριήρεις
705 1673 782 1753 ἔχων
811 1674 1023 1739 ἐκπλεύσεσθαι
1054 1672 1104 1736 καί
1138 1673 1259 1743 ταύτας

162 1781 298 1852 παλαιθις
328 1783 394 1846 οὶντί
424 1789 526 1847 καινῶν
556 1783 736 1864 παραδώσειν
760 1821 805 1832 -
828 1783 913 1848 οὐδέν’
936 1780 973 1847 θον
999 1783 1077 1858 ὑμῶν
1100 1783 1259 1860 ἐπιτρέψαι

162 1894 218 1965 τοὶς
251 1898 320 1962 ναῦς
352 1894 453 1956 ἐκεῖνον
486 1894 583 1972 ἔχοντ’
609 1893 780 1957 ε’κπλεῦται.
828 1892 986 1956 Sententia
1008 1898 1071 1954 est:
1097 1892 1124 1954 si
1149 1897 1259 1967 antea,

162 2024 224 2086 quo
255 2009 391 2086 temporo
419 2001 491 2064 hino
515 2002 581 2065 vela
604 2001 698 2065 dabat
719 2001 950 2086 Thrasybulus,
974 2006 1151 2077 novissetis,
1177 2021 1259 2084 quae

163 2112 384 2175 commissurus
407 2118 504 2188 esset,
529 2112 665 2196 profecto
688 2113 852 2197 imperium
876 2112 903 2175 ei
926 2133 989 2175 non
1011 2110 1259 2174 mandavissetis.

164 2221 224 2284 Sed
254 2221 302 2283 his
336 2242 399 2283 non
430 2221 594 2304 respondet
623 2222 847 2298 ἔπηννέλλετοι
882 2228 913 2286 ei
938 2227 1039 2302 (κυκσ)
1057 2225 1260 2305 prorm'tteret.

163 2330 381 2395 Scribendum:
420 2331 602 2407 ε’πήννελτο.
649 2330 699 2393 sio
735 2329 870 2395 Gobetus
908 2352 1049 2414 quoque,
1088 2329 1172 2414 quod
1211 2330 1261 2391 his
1340 2417 1342 2420 Α

163 2442 287 2527 seriptis
312 2440 523 2505 animadverti.

208 2555 225 2637 θ
249 2555 278 2617 l.
324 2549 397 2613 Non
420 2551 513 2614 mirer
535 2550 562 2613 si
585 2549 759 2614 subiectum
782 2549 929 2614 exciderit
949 2551 982 2614 in
1004 2550 1052 2614 his
1074 2548 1174 2613 verbis
1189 2547 1260 2624 ἅμα

164 2663 224 2742 νδιρ
248 2667 405 2725 πλουτοῦσι
429 2663 477 2724 καὶ
502 2661 581 2737 ὑμᾶς
603 2666 737 2737 μισοῦσι,
761 2682 870 2744 nempe
893 2658 968 2725 οῦτοι
997 2667 1067 2744 post
1089 2665 1257 2724 πλουτοῦσι.

166 2771 249 2836 Nam
272 2770 483 2855 Thrasybulus
507 2777 537 2833 et
559 2769 704 2854 Ergoeles
728 2792 789 2835 non
812 2770 1054 2856 intelleguntur,
1085 2791 1181 2853 quum
1206 2768 1261 2832 ille

170 2884 230 2946 iam
268 2888 409 2944 mortuus
441 2887 528 2944 esset.
575 2879 740 2964 Ergnelm,
764 2882 818 2962 qui
841 2903 925 2945 nuno
948 2887 1128 2957 aecusator,
1153 2886 1185 2942 et
1208 2879 1263 2941 alii

171 2994 281 3070 duces,
306 2991 489 3076 Thrasybuli
513 3013 612 3074 nuper
635 2991 711 3055 sooii
734 2991 783 3074 (of.
810 2993 842 3075 5)
865 2991 945 3054 infra
966 2993 983 3075 θ
1005 2993 1045 3053 10
1068 3011 1192 3073 quoque
1209 3011 1264 3072 per

170 3102 245 3169 οῦτοι
268 3102 489 3186 significentur.

214 3216 230 3297 p
254 3217 284 3276 9.
320 3211 422 3275 Verba
452 3210 501 3275 καί
529 3210 654 3280 πολλοὺς
679 3210 834 3285 Ἀθηναίων
857 3209 982 3290 οὲρνυρίιρ
1005 3209 1175 3292 διαφθείρειν
1199 3209 1265 3271 ίαιι-

171 3323 266 3408 guida
296 3329 369 3385 sunt
400 3327 470 3405 post
496 3319 551 3383 illa
581 3321 629 3398 ὁρῶ
653 3320 677 3382 δ’
700 3320 806 3394 αὐτούς
828 3357 874 3368 -
896 3321 1065 3396 ὠνουμένους
1086 3318 1144 3391 τθις
1166 3319 1265 3383 αὑτῶν

169 3435 278 3514 ψυχας
306 3432 355 3496 καί
385 3433 467 3510 παροδ
496 3435 552 3494 τῶν
583 3429 728 3506 λενθντων
759 3429 809 3493 καὶ
840 3430 923 3510 παροδ
945 3430 1009 3494 τῦν.
1023 3431 1129 3509 ἐχθρῶν
1152 3431 1265 3513 (θρχιῦν

171 3542 279 3624 Dobr.)
303 3541 351 3605 καί
376 3542 458 3621 παρθι
481 3545 537 3604 τῦν
560 3540 733 3620 πρυτανέων.
780 3538 919 3624 Speciem
946 3538 1062 3603 habent
1084 3539 1265 3623 interpreta-

171 3653 307 3716 tationis
354 3652 456 3715 Etiam
479 3650 649 3715 infinitivus
674 3658 744 3734 post
766 3652 816 3728 θριῖ·
839 3672 902 3713 non
925 3658 1007 3712 reete
1031 3671 1062 3735 se
1086 3647 1188 3711 habet.

216 3765 233 3847 θ
257 3767 309 3826 10.
355 3762 412 3826 νυνί
439 3761 498 3840 ναρ
522 3769 581 3834 τοῖς
606 3761 728 3841 θίρχονσι
752 3767 811 3832 τοῖς
836 3761 979 3840 ὑμετέροις
1003 3756 1160 3834 ἐπιδείξετε
1178 3757 1265 3821 πίτε-

171 3895 215 3948 ρον
237 3874 296 3951 χρη
325 3872 440 3943 δικαίοις
463 3868 554 3946 εἶναι,
579 3871 596 3947 ἢ
618 3873 655 3943 ῦς
679 3879 810 3934 πλεῖστα
831 3876 887 3935 τῶν
911 3869 1054 3950 ὑμετέρων
1079 3869 1266 3951 ῦφελομένοις

172 3985 212 4061 τῷ
237 3983 316 4062 αὐτῷ
340 3981 434 4062 τρθπῳ
460 3984 513 4055 την
536 3982 676 4062 σωτηρίαν
700 3980 991 4062 παρασκευάζεσθαι,
1015 3974 1090 4061 ᾧπερ
1113 3975 1188 4043 οῦτοι
1207 3979 1266 4042 νυνί

174 4096 334 4171 πειρῶνται.
381 4089 526 4153 Soloeeus
551 4100 597 4155 est
620 4091 742 4154 dativus
764 4097 835 4176 post
856 4092 925 4172 χρή.
972 4090 1134 4153 Praeterea
1151 4091 1211 4170 χρή
1226 4089 1265 4152 ad

174 4200 304 4263 alterum
327 4200 496 4264 membrum
520 4224 581 4264 non
606 4210 710 4286 aptum
735 4209 797 4278 est3
814 4224 982 4285 numquam
999 4201 1080 4264 enim
1096 4205 1178 4264 deoet
1195 4201 1266 4281 ὑφε-

173 4310 292 4386 λθμενον
321 4311 374 4382 τὴν
404 4311 544 4388 σωτηρίαν
575 4309 856 4392 παρασκευθζῖίσθαι.
911 4310 1090 4374 Omittenda
1121 4310 1265 4373 videntur
