2850 5024
674 363 735 424 160

160 569 252 632 lando
276 573 307 631 et
329 564 471 629 Scheibio
495 565 529 627 in
544 567 744 641 άπεκλνοοῦτε
760 571 879 626 mutare
896 562 1032 646 placuit;
1050 561 1155 645 agitur
1173 560 1252 623 enim

160 679 198 742 de
222 676 462 752 consuetudine,
488 675 525 738 de
550 697 585 737 eo
609 674 692 757 quod
718 674 885 758 quotannis
909 671 1011 736 fiebat.

205 792 222 873 b
246 790 296 852 17.
343 787 367 850 al
391 786 450 865 γάρ
472 784 672 862 tractant
695 785 911 861 ὁμολογούντων
935 786 1030 848 αὐτῶν
1050 780 1099 846 ε’πὶ
1116 782 1186 851 τοὺς
1200 779 1256 856 ’ἒμ-

161 899 261 978 πόρους
284 883 472 960 συνίστασθαι
497 903 528 958 et
552 898 593 958 21
618 896 667 959 καὶ
693 895 759 966 τοὺς
782 893 922 974 ἐμπόρους
947 893 998 975 ἐφ’
1021 890 1066 964 οὓς
1091 889 1167 957 οὗτοι
1191 915 1256 955 σνν-

160 1009 294 1082 ἑστνταν.
340 1006 503 1070 Dobreus:
547 1004 736 1084 „Quomodo
780 1004 1008 1069 insidiabantur
1050 1001 1255 1067 nauclerist'’

161 1117 263 1180 Facile
287 1123 332 1179 est
356 1115 393 1178 ad
418 1115 496 1178 bane
520 1116 732 1200 quaestionem
755 1114 956 1199 respondere3
982 1114 1158 1178 sociotatem
1183 1112 1257 1176 inie-

159 1235 245 1302 rant,
279 1235 314 1289 ut
345 1248 441 1309 quum
474 1233 592 1308 praeter
621 1247 672 1288 eos
695 1246 785 1288 nemo
810 1231 941 1301 emeret,
967 1231 1094 1309 possent
1117 1223 1255 1307 pretium

162 1337 348 1401 constituere
384 1345 414 1398 et
448 1343 631 1399 mercatores
667 1357 769 1420 parvo·
797 1335 926 1398 vendere
959 1341 1150 1419 cogerentur.
1200 1331 1258 1394 nst

161 1455 263 1510 tamen
292 1447 350 1509 boe
381 1469 496 1510 novum
520 1454 614 1532 eaput
637 1447 860 1523 accusationis,
885 1446 969 1529 quod
993 1466 1053 1508 non
1079 1443 1258 1506 continetur

161 1559 216 1635 iis,
242 1557 353 1640 quibus
378 1558 571 1641 pertractatis
595 1578 689 1640 supra
713 1564 786 1619 sect.
814 1559 831 1618 5
857 1578 888 1619 se
912 1562 979 1618 tota
994 1554 1192 1619 accusatione
1207 1550 1259 1613 de-

163 1667 304 1731 functum
328 1689 393 1729 esse
417 1667 539 1730 dicebat
562 1675 664 1729 orator
687 1667 741 1749 (7).

207 1779 224 1861 d
249 1779 300 1839 18.
347 1779 550 1853 ἀναμνήσθητε
582 1776 605 1840 δ’
628 1773 649 1840 ὦ
676 1775 774 1856 ἄνδρες
801 1777 957 1849 δικασταί,
989 1771 1032 1838 ὅτι
1063 1777 1181 1837 πολλῶν
1205 1771 1257 1845 ἤδη

129 1862 137 1882 ‘
163 1887 289 1967 ἑχόντων
321 1889 432 1962 ταύτην
461 1889 513 1961 τὴν
543 1885 641 1952 αἰτίαν
675 1885 843 1962 λαμβάνειν
874 1883 923 1949 καὶ
947 1882 1097 1964 μάρτυρας
1121 1904 1258 1962 παρεχο-

163 1999 254 2075 μένων
274 2000 396 2064 θάνατον
418 2001 596 2077 κατέγνωτε.
624 1997 853 2062 Westermanni
870 1996 1063 2071 coniectura,
1081 2015 1174 2077 qnam
1191 2014 1256 2056 non

164 2109 363 2194 intellegebat
379 2108 558 2186 Sebeibim,
579 2109 653 2172 haee
670 2115 732 2171 est:
755 2109 866 2181 ταύτην
886 2107 938 2181 τὴν
957 2106 1071 2187 αἰτίων,
1093 2103 1190 2186 (άλλά
1205 2109 1270 2167 τοῦ·

160 2221 203 2292 μὴ
223 2220 300 2294 δίκην
319 2223 399 2298 ὑμᾶς
417 2222 486 2300 παρ’
506 2223 611 2303 αὐτῶν)
631 2220 800 2297 λαμβάνειν
820 2220 869 2283 καὶ
890 2218 1039 2297 μάρτυρας
1056 2241 1084 2280 κ.
1097 2241 1125 2279 τ.
1139 2216 1180 2297 ὲ,
1201 2213 1258 2277 sed

160 2327 288 2392 fortasse
311 2331 361 2393 καί
383 2333 466 2412 (ante
490 2331 593 2415 μάρτ.)
616 2329 709 2393 simul
730 2330 878 2393 omissum
902 2328 1010 2391 voluit.
1046 2326 1203 2410 Kayserus
1221 2325 1255 2386 in

161 2436 274 2501 Philol.
299 2438 356 2502 XI.
384 2441 464 2526 ldb:
488 2439 639 2503 λανθάνειν
655 2439 696 2523 (δὲ
711 2439 901 2522 πειρωμένων)
917 2438 977 2503 καί.
1018 2434 1192 2500 Muellerus
1209 2433 1253 2496 ib.
1300 2471 1303 2477 ·

162 2546 238 2610 XH.
265 2549 342 2610 104:
372 2550 454 2630 (claa'
486 2551 516 2612 οὐ
548 2548 742 2632 βουλομένων)
765 2547 945 2625 λαμβάνειν.
992 2546 1132 2609 Dobrens
1155 2544 1256 2610 αἰτίαν

161 2657 222 2740 (καὶ
253 2659 438 2742 άρνονμένων)
467 2659 527 2722 καί.
575 2657 707 2741 Aliquid
739 2657 887 2722 excidisse
918 2664 1059 2741 apertum
1089 2663 1150 2733 est;
1176 2675 1257 2738 quae

163 2767 334 2852 supplenda
358 2769 437 2844 sint,
463 2767 603 2832 dubium.
636 2768 867 2832 Westermanni
889 2775 993 2831 tamen
1018 2766 1170 2831 sententia
1194 2767 1257 2849 (τοῦ

162 2879 204 2955 μὴ
227 2879 304 2952 δίκην
327 2878 513 2957 λαμβάνειν,
538 2886 572 2943 ut
593 2901 630 2943 ιιι·
648 2902 700 2943 coa
719 2880 888 2963 sumeretis)
905 2878 981 2942 mibi
998 2877 1072 2940 satis
1089 2874 1257 2960 probabilis

162 2986 295 3051 videtur.

205 3097 222 3180 d
245 3099 285 3159 21
317 3119 388 3160 cum
410 3096 533 3160 Dobreo
562 3096 727 3181 legendnm
753 3098 836 3177 παρά
861 3097 968 3162 τούτων
989 3119 1044 3181 pro
1064 3099 1133 3176 παρ’
1145 3098 1252 3161 αὐτῶν.

208 3205 316 3268 Oratio
341 3208 406 3270 sine
430 3206 525 3270 dubio
548 3207 694 3291 Lysiaoa;
719 3230 790 3271 nam
811 3230 847 3272 ea
867 3208 959 3271 etiam
976 3229 1054 3291 quae
1069 3205 1172 3270 minus
1190 3205 1255 3289 pla·

162 3322 251 3379 ceant
274 3316 311 3379 ab
335 3317 401 3378 eins
425 3316 548 3380 dicendi
571 3317 668 3381 forma
692 3325 784 3401 atque
807 3318 933 3401 ingenio
956 3339 1020 3380 non
1044 3316 1144 3379 aliena
1167 3321 1253 3378 snut.

162 3423 344 3488 Notandum
367 3433 470 3489 tamen
492 3426 635 3491 futurum
659 3429 815 3504 ἐλεύσομαι
831 3429 848 3511 d
867 3430 923 3503 ll,
940 3427 974 3490 in
989 3427 1058 3490 loco
1075 3425 1257 3507 ceteroquin

161 3535 287 3598 minime
310 3543 461 3619 suspecto.
508 3534 586 3600 Inde
611 3542 701 3600 etex
725 3536 826 3621 capite
850 3535 947 3598 altero
971 3534 1179 3598 accusationis
1200 3555 1256 3596 suo

161 3643 230 3708 loco
262 3645 389 3709 omisso·
404 3645 454 3729 (cf.
479 3648 496 3730 d
523 3648 573 3731 17)
597 3646 784 3710 recensionis
808 3646 907 3709 multo
931 3652 1002 3730 post
1026 3643 1155 3708 oratoris
1178 3665 1260 3706 mor·

162 3760 226 3817 tem
249 3755 347 3820 factae
371 3764 552 3839 argumenta
575 3757 645 3839 quis
669 3765 764 3842 petat.

304 3986 396 4030 XXIII.
426 3993 502 4033 ΚΑΤΑ
522 3994 714 4036 ΠΑΓΚΛΕΩΝΟΣ
734 3995 782 4033 ΟΤΙ
804 3994 861 4032 ΟΤΙ(
881 3995 922 4033 ΗΝ
945 3992 1114 4033 naaman·

209 4186 311 4251 Multa
342 4190 374 4253 in
406 4189 463 4254 hae
494 4191 632 4253 oratione
664 4188 844 4266 offendunt,
877 4188 991 4272 quibus
1014 4208 1099 4251 nunc
1121 4183 1258 4249 remedia

165 4298 304 4364 adhiberi
327 4322 389 4363 non
413 4309 551 4384 possunt.
599 4302 645 4363 Ac
670 4297 803 4383 primum
827 4298 864 4361 de
888 4299 1029 4382 singulis.
1131 4358 1134 4362 Α
