2850 5024
685 346 749 406 alo

171 545 328 607 boantium
360 545 419 608 vim
452 544 583 627 aliquam
616 541 873 606 nanciscebantur
909 540 936 622 (q
970 540 1026 614 19,
1061 538 1145 620 sqq.)
1174 542 1206 599 ct
1236 558 1272 598 ex

170 656 313 738 opinione
337 656 491 718 communi
514 654 552 717 de
576 654 642 716 eius
667 653 794 716 scientia
818 651 921 735 legum
944 672 998 734 pro
1017 647 1165 733 genuinis
1181 647 1272 711 habe·

170 764 282 827 bantur
312 775 342 828 et
369 764 617 829 observabantur.
665 762 746 826 Rara
769 763 833 826 avis
857 769 922 825 erat
945 758 1191 824 iurisconsultus
1217 759 1271 820 Aa

169 875 249 937 tieus
280 883 309 938 et
341 874 466 937 minoris
502 873 539 937 ab
575 881 695 938 oratore
730 872 865 936 habitus.
913 869 984 933 Non
1019 868 1124 952 magni
1158 868 1270 943 refert,

170 992 273 1048 utrum
305 985 466 1048 sollemnes
497 985 629 1048 rationes
662 982 803 1068 (εὐθύνας)
827 984 859 1046 hi
885 981 1082 1046 nomothetae
1104 978 1269 1053 dederint,

170 1117 224 1159 nec
256 1118 303 1158 ne.
350 1094 579 1158 Demonstravit
611 1092 769 1178 Berghius.
795 1091 816 1156 l.
841 1093 865 1156 l.
895 1115 924 1175 p.
961 1093 1022 1153 155
1051 1089 1123 1153 coll.
1156 1088 1268 1151 Aesoh.

168 1204 250 1268 Otes.
280 1208 319 1268 14
342 1227 404 1268 non
428 1204 563 1281 dedisse,
597 1203 680 1287 quod
709 1203 791 1266 intra
814 1202 941 1286 triginta
959 1199 1025 1265 dies
1047 1222 1164 1265 munus
1183 1199 1270 1262 abso

168 1316 268 1379 lutum
293 1324 381 1379 esset.
428 1315 559 1379 Dubitat
583 1314 621 1378 de
645 1337 681 1377 eo
704 1313 833 1397 Weyers
857 1313 890 1377 in
914 1311 1004 1375 diatr.
1030 1311 1062 1374 in
1078 1309 1152 1394 Lys.
1173 1332 1219 1372 or.
1236 1310 1268 1372 in

168 1426 406 1502 Nicomachum,
431 1450 460 1511 p.
480 1428 532 1488 35.
569 1426 688 1509 Utique
703 1424 824 1508 legibus
840 1423 997 1506 rescriptis
1014 1429 1044 1484 ct
1060 1443 1130 1484 oum
1149 1419 1268 1504 populo

167 1538 247 1600 intra
271 1538 470 1601 constitutam
494 1537 575 1599 diem
600 1535 851 1610 communicatis,
876 1533 1075 1619 magistratus
1099 1553 1166 1594 esse
1190 1530 1268 1594 desi-

166 1646 298 1724 nebant,
337 1646 480 1730 quodque
520 1668 601 1709 unus
642 1653 747 1729 postea
779 1665 853 1706 suo.
868 1643 969 1706 Marte
1000 1641 1111 1725 agebat
1144 1662 1206 1703 non
1240 1639 1268 1701 vi

166 1757 300 1820 muneris
332 1754 440 1832 fiebat,
473 1754 591 1817 etiamsi
625 1754 718 1816 tacito
752 1753 865 1817 civium
901 1774 1051 1816 consensu
1075 1751 1267 1835 probaretur.

167 1863 374 1928 Veruntamen
403 1886 440 1926 ex
470 1864 527 1927 hae
558 1862 683 1945 Bergkii
714 1862 923 1926 admonitione
955 1860 1166 1946 intellegitur,
1199 1881 1268 1923 vere

165 1974 290 2037 fortasse
314 1981 517 2037 accusatorem
543 1972 655 2036 dixisse
679 1994 848 2058 numquam
879 1973 1012 2036 rationes
1033 1994 1052 2034 a
1074 1968 1268 2034 Nicomacho

165 2084 252 2147 datas
276 2084 381 2146 fuisse.

209 2192 267 2256 Per
298 2215 350 2256 sex
381 2215 476 2256 annos
506 2193 668 2256 continuos
692 2198 762 2256 ante
786 2192 950 2276 imperium
973 2189 1102 2274 triginta
1125 2188 1265 2252 virorum

164 2304 271 2387 populi
293 2303 440 2367 mandatu
464 2303 560 2386 egisse
577 2301 800 2365 Nicomachum
818 2324 879 2365 non
896 2307 998 2385 potest
1014 2299 1120 2383 negari
1136 2307 1266 2384 propter

162 2521 219 2592 nale
250 2523 299 2585 καὶ
328 2521 501 2598 εἱςοιγόντων
531 2522 571 2591 εἷς
601 2523 634 2585 τὸ
661 2519 838 2598 branceduno
866 2521 916 2583 orla
941 2517 1063 2593 ἠθέλησε
1084 2517 1266 2598 παραδοῦναι

162 2631 228 2703 τοὺς
251 2633 371 2714 νόμους,
396 2653 473 2714 quae
497 2630 615 2693 collatis
640 2628 840 2714 sequentibus
864 2635 991 2714 apparet
1015 2627 1177 2692 referenda
1199 2650 1266 2691 esse

163 2741 200 2803 ad
233 2749 370 2826 tempora
401 2741 537 2825 proxime
567 2740 696 2825 triginta
725 2741 860 2803 virorum
884 2740 1051 2823 imperium
1073 2759 1264 2823 praegressa.

164 2850 242 2915 Nam
266 2852 369 2936 legum
391 2851 511 2915 tabulas
536 2851 661 2934 (κύρβεις
686 2851 749 2914 sive
772 2849 899 2927 ἄξονας,
924 2850 962 2914 de
986 2850 1102 2934 quibus
1125 2848 1164 2912 cf.
1185 2848 1265 2912 Hul-

162 2961 279 3049 leman,
304 2961 393 3026 Misc.
417 2961 497 3024 Phil.
519 2969 550 3024 et
573 2960 666 3024 Paed.
684 2961 755 3024 fasc.
775 2963 811 3038 2,
830 2963 931 3024 Amet.
953 2962 1037 3024 1850
1056 2983 1085 3044 p.
1105 2963 1165 3040 56,
1183 2965 1264 3046 sqq.)

162 3093 224 3134 non
256 3078 375 3154 poterat
406 3070 488 3133 dorni
520 3092 592 3133 suae
623 3069 753 3133 retinere
777 3069 837 3133 nisi
863 3069 986 3154 publice
1009 3070 1152 3135 creditas.
1201 3071 1263 3135 Sed

161 3203 252 3265 quam
275 3180 363 3244 valde
386 3203 493 3243 rursus
516 3201 579 3243 rem
603 3186 714 3262 augeat
738 3186 856 3256 orator,
881 3180 1012 3264 quisque
1036 3180 1129 3243 videt.
1179 3179 1262 3260 Quis

161 3291 242 3354 enim
273 3288 435 3353 crediderit
463 3289 618 3353 civitatem
643 3288 681 3353 ad
706 3289 816 3353 incitas
840 3288 994 3353 redactam
1018 3290 1113 3354 luisse
1137 3289 1264 3355 defectu

161 3401 279 3485 legum,
312 3421 388 3482 quas
418 3422 500 3463 uuus
523 3401 598 3463 civis
622 3399 705 3464 domi
729 3401 893 3476 retineret3
919 3400 1008 3483 quasi
1032 3421 1102 3464 vero
1124 3401 1263 3484 populus

161 3533 223 3574 non
247 3532 338 3573 ausus
362 3509 472 3572 fuisset
496 3510 701 3593 quantocius,
727 3510 819 3573 etiam
844 3533 898 3595 per
923 3511 1001 3586 vim,
1024 3509 1061 3574 ab
1078 3509 1263 3576 administro

161 3642 217 3683 suo
248 3626 383 3703 repetere
406 3618 503 3696 illud,
529 3618 613 3702 quod
637 3619 702 3683 sine
726 3618 914 3703 reipublicae
938 3619 1169 3703 perturbatione
1197 3643 1260 3685 am·

162 3730 242 3814 plius
266 3736 369 3793 tenere
392 3750 455 3792 11011
479 3728 603 3813 posset?

206 3839 294 3919 Quae
326 3861 417 3903 causa
445 3841 574 3904 moverit
604 3848 827 3918 accusatorem,
858 3848 895 3903 ut
926 3861 1008 3903 nunc
1039 3838 1165 3902 demum
1189 3847 1262 3924 post

162 3959 293 4034 quatuor
324 3971 419 4012 annos
456 3949 605 4012 actionem
639 3949 814 4013 institueret
845 3949 995 4012 incertum
1028 3955 1083 4011 est.
1131 3947 1192 4012 Sed
1221 3949 1261 4012 de

161 4081 270 4143 genere
294 4058 422 4122 actionis
446 4059 562 4142 aliquid
586 4059 663 4129 mihi
686 4058 805 4131 efficere
826 4081 915 4142 posse
938 4057 1042 4121 videor
1063 4080 1099 4120 ex
1118 4058 1135 4140 q
1152 4060 1189 4121 7:
1207 4059 1260 4124 ἐὰν

161 4167 184 4232 δ’
208 4165 266 4249 aba
297 4168 429 4249 ἐπιχειρῇ
459 4167 572 4245 λέγειν,
597 4165 688 4248 ἅπερ
712 4171 745 4233 ἑν
769 4178 809 4249 τῇ
834 4168 969 4250 βουλῇ,
993 4169 1029 4240 ὥς
1052 4169 1110 4243 ἐγὼ
1133 4173 1189 4233 τῶν
1212 4193 1259 4233 τε·

161 4277 315 4355 τροικοσίων
338 4277 494 4356 ἐγενόμην,
515 4302 542 4342 κ.
567 4303 595 4344 τ.
622 4279 644 4342 ἑ.
692 4277 811 4342 1111110
836 4279 916 4342 enim
941 4285 1067 4362 apparet
1090 4299 1153 4340 rem
1171 4277 1257 4362 prius
