2850 5024
696 369 715 429 3

162 576 299 653 homine,
331 577 381 640 eui
411 598 449 639 ne
472 574 667 660 Thucydides
692 572 815 658 quidem
838 580 869 636 et
892 573 980 636 Plato
1004 573 1246 649 satisfaciebant,

161 688 222 750 nisi
246 688 309 771 ipse
332 709 387 751 uos
411 687 587 751 admoneret
608 688 645 770 (c.
673 688 710 750 17
737 680 783 756 αἷς
800 686 831 749 ai
853 685 958 764 τέχναι
974 686 1248 766 aapayya'taoararl

162 798 196 861 in
219 797 310 882 Lysia
333 798 531 862 describendo
556 796 648 879 etad
671 798 815 860 amussim
839 796 1004 881 exigendo,
1029 798 1102 861 artis
1127 821 1158 860 se
1175 820 1246 860 suae

163 930 225 971 non
256 907 403 972 oblivisci.
438 910 543 993 Atque
574 909 605 972 in
637 929 672 971 eo
704 908 783 971 valet
806 906 947 984 sortasse,
973 907 1056 991 quod
1080 907 1185 972 Cicero
1209 907 1247 971 de

164 1019 396 1083 admiratoribus
427 1020 536 1083 ieiunis
568 1019 743 1083 Atticorum
766 1017 851 1082 Orat.
876 1040 901 1082 c.
929 1021 944 1083 7
971 1018 1061 1082 dicit:
1086 1020 1251 1104 „eloquen-

164 1132 239 1193 tiam
270 1132 366 1214 ipsius
397 1130 511 1193 viribus
541 1152 603 1194 non
635 1129 843 1194 imbecillitate
872 1152 927 1193 sua
948 1131 1122 1193 metiantur.
1158 1128 1251 1193 Nunc

166 1243 248 1304 enim
263 1249 384 1305 tantum
400 1243 529 1326 quisque
546 1239 665 1318 laudat,
683 1249 832 1325 quantum
848 1264 879 1304 se
895 1263 982 1325 posse
995 1249 1095 1325 sperat
1108 1240 1251 1304 imitari.”

213 1353 249 1416 In
281 1353 406 1437 reliquis
430 1361 502 1415 sunt
516 1375 601 1442 vquae
625 1351 710 1415 nulla
732 1359 841 1435 egeant
864 1351 1138 1427 demonstratione,
1164 1374 1253 1437 quae·

167 1463 237 1527 dam
260 1466 351 1527 etiarn
374 1465 446 1526 trita
468 1465 527 1540 sic,
553 1472 588 1528 ut
611 1464 737 1527 verbum
760 1464 797 1526 iis
821 1462 932 1526 addere
957 1464 1034 1525 foret
1049 1485 1171 1547 operam
1189 1486 1253 1548 per-

168 1574 249 1638 dere.
295 1574 395 1658 Igitur
419 1573 524 1637 relicto
548 1574 654 1637 ordine
677 1574 894 1658 disputationis
917 1573 1046 1658 Dionysi
1061 1573 1115 1636 illa
1130 1581 1252 1657 tangere

167 1686 270 1762 lubet,
302 1707 379 1769 quae
408 1685 517 1769 Lysiae
548 1684 606 1747 soli
638 1686 761 1769 propria
783 1692 838 1747 aut
861 1706 930 1747 cum
954 1686 1057 1768 paucis
1080 1687 1253 1748 communia

167 1803 251 1859 sunt.
276 1794 509 1881 IntellegemuS,
526 1797 651 1879 opinor,
669 1797 725 1859 etsi
739 1797 866 1859 nimium
882 1797 913 1859 in
930 1795 1086 1873 laudibuS,
1104 1803 1204 1860 tamen
1221 1798 1252 1860 iu

168 1929 287 1970 summa
309 1929 410 1970 rerum
433 1907 547 1970 bonum
569 1908 805 1971 existimatorem
821 1930 885 1970 esse
902 1908 1085 1993 Dionysium
1101 1917 1254 1993 praestan-

167 2019 228 2080 tiae
243 2019 400 2080 oratoriae.
428 2019 475 2080 Ac
487 2019 618 2102 primum
632 2017 670 2080 de
682 2019 807 2099 ἠθοποιΐᾳ
818 2017 946 2102 Lysiaca
957 2019 1109 2102 agendum
1123 2020 1252 2084 videtur.
1311 2042 1317 2059 ·

213 2128 410 2192 Tralaticium
440 2127 563 2191 effatum
593 2139 656 2205 est,
689 2150 758 2190 vera
787 2150 864 2212 quae
888 2130 966 2206 sint,
991 2153 1046 2193 sua
1070 2153 1101 2193 se
1124 2133 1154 2195 vi
1177 2153 1256 2195 com·

171 2240 332 2317 mendam,
364 2263 420 2304 nec
442 2240 514 2331 ullis
538 2239 674 2325 indigere
697 2239 857 2303 lenociniis
880 2241 1050 2304 verborum.
1087 2246 1214 2314 ’Λπλοῦς
1242 2245 1255 2308 ὃ

171 2354 259 2431 atto:
288 2361 341 2426 τῆς
370 2354 507 2427 ἀληθείας
539 2354 613 2430 ἔφυ,
638 2354 688 2416 κού
711 2354 845 2416 ποικίλων
868 2353 913 2417 δεῖ
932 2353 1050 2434 τᾶνδιχ’
1076 2354 1256 2435 ἑρμηνευμά-

171 2488 238 2528 των.
270 2464 359 2543 ’Έχες
383 2465 442 2543 γὰρ
465 2463 545 2528 αὐτὰ
567 2462 672 2543 καιρόν.
708 2462 800 2543 Quod
825 2486 919 2548 quum
941 2487 1029 2527 nemo
1045 2464 1133 2528 facile
1148 2472 1256 2548 neget,

168 2575 257 2639 nulla
278 2583 379 2638 tamur
403 2597 493 2638 causa
515 2576 559 2638 ita
581 2582 755 2658 comparata
778 2585 841 2652 est,
866 2577 941 2660 quin
964 2576 1001 2638 iis
1027 2577 1080 2660 qui
1103 2576 1161 2639 sibi
1190 2598 1256 2659 per·

170 2685 293 2750 suaderi
316 2672 426 2764 nolint,
451 2686 624 2771 perfugium
647 2687 772 2771 aliquod
796 2686 957 2750 dubitandi
973 2689 1163 2773 relinquatur
1173 2714 1182 2766 3
1200 2694 1259 2751 ete·

171 2799 238 2862 nim
265 2799 397 2882 quaein
420 2798 485 2862 iure
508 2805 666 2862 versantur
689 2798 833 2883 pleraque
857 2806 929 2860 sunt
951 2798 1116 2876 eiusmodi,
1148 2805 1184 2862 ut
1214 2799 1260 2861 iu·

173 2921 254 2972 stam
277 2908 458 2994 plenamque
481 2909 770 2973 demonstrationem
794 2931 856 2972 non
879 2910 1051 2974 admittant.
1091 2909 1200 2994 Itaque
1224 2918 1260 2973 ut

174 3020 264 3084 velint
288 3019 346 3083 sibi
369 3019 544 3104 persuaderi
568 3007 722 3082 auditores
740 3019 930 3082 efficiendum
947 3028 1009 3099 est;
1028 3032 1058 3084 et
1074 3021 1261 3086 demonstra-

175 3131 254 3194 tioni
284 3138 430 3214 tanquam
461 3130 594 3194 effectrix
627 3131 830 3215 persuasionis
862 3130 999 3194 succedit
1021 3133 1132 3196 vicaria
1155 3141 1207 3197 aut
1230 3156 1262 3196 se

175 3243 317 3326 adiungit
340 3242 444 3325 opinio
467 3241 505 3305 de
529 3241 680 3326 probitate
704 3249 736 3305 et
757 3243 894 3306 moribus
918 3243 1064 3322 dicentis,
1089 3268 1144 3308 nee
1172 3267 1264 3307 causa

176 3361 315 3431 tantum,
345 3352 398 3416 sed
422 3353 487 3436 ipse
510 3352 562 3437 qui
586 3351 661 3415 dicit
684 3352 874 3417 auditoribus
899 3355 1021 3439 probari
1044 3355 1143 3419 debet.
1182 3354 1263 3418 Nam

177 3463 434 3549 quemadmodum
458 3464 495 3527 ab
518 3463 656 3547 improbo
680 3447 803 3529 homine
826 3467 874 3529 vel
897 3468 1011 3550 optime
1027 3467 1109 3530 dicta
1123 3442 1264 3530 reiiciunt

176 3574 349 3653 auditores,
380 3576 425 3638 ita
454 3581 560 3638 contra
590 3574 678 3638 facile
702 3576 930 3660 amplectuntur
961 3601 1039 3662 quae
1066 3578 1263 3662 proferuntur

176 3685 214 3749 ab
239 3706 290 3763 eu,
315 3708 407 3770 quem
429 3684 489 3748 fide
512 3684 641 3769 dignum
667 3687 858 3765 existimant,
874 3688 1077 3773 lubenterque
1093 3688 1189 3752 labori
1205 3690 1264 3751 sin-

177 3795 252 3881 gula
281 3796 459 3881 explorandi
491 3802 521 3858 et
552 3796 709 3860 scrutandi
737 3798 796 3882 ipsi
819 3806 959 3882 parcunt.
1006 3797 1148 3883 Namque
1172 3799 1264 3883 vulgo

176 3907 317 3971 homines
349 3929 410 3970 uon
442 3906 580 3970 iudicant
609 3909 726 3973 ratione
756 3911 814 3973 rite
837 3911 981 3974 conclusa
1003 3933 1059 3974 nec
1083 3911 1265 3974 testimoniis

176 4019 255 4083 bene
278 4017 472 4102 ponderatiS,
498 4016 550 4080 sed
571 4040 607 4080 er
630 4027 806 4102 praesumta
829 4021 960 4104 quadam
983 4022 1126 4105 opinione
1150 4021 1187 4084 de
1210 4021 1267 4085 vir-

177 4137 246 4192 tute
270 4137 300 4193 et
323 4127 526 4212 improbitate.
563 4127 644 4212 Ergo
660 4130 692 4192 in
708 4131 746 4193 iis
762 4132 955 4209 civitatibus,
974 4132 1104 4216 quibua,
1122 4140 1158 4197 ut
1173 4133 1266 4196 Athe-

177 4242 227 4304 nis
258 4240 323 4304 fieri
354 4240 485 4317 solebat,
510 4239 602 4303 multi
625 4248 655 4303 et
678 4263 716 4304 ex
738 4243 882 4307 omnibus
907 4244 1066 4309 ordinibus
1090 4253 1171 4308 sorte
1194 4244 1266 4309 lecti

177 4350 297 4414 iudices
321 4352 445 4429 sedent,
470 4371 601 4436 quorum
624 4352 732 4416 animis
755 4353 876 4418 facilius
898 4355 1083 4439 imponitur,
1109 4379 1199 4440 quam
1217 4379 1265 4440 pe-

1109 4472 1144 4527 1*
