2850 5024
675 379 734 437 [24

238 600 331 644 xvnt.
364 608 425 645 urar
440 610 612 646 numerarer.
627 611 688 646 rnn
705 612 759 647 ror
773 611 873 648 urxror
888 613 1016 649 aaaneor
1031 611 1175 648 enrnoroa.

205 792 352 856 Lucrates
382 792 490 857 Niciae
520 794 613 857 frater
640 795 697 859 sub
721 815 784 857 xxx
807 795 880 858 viris
904 795 1127 860 condemnatus
1152 794 1260 858 fuera!

160 914 190 968 et
213 904 400 969 interfectus.
447 905 537 969 Brevi
565 914 635 989 post
666 907 730 970 eius
758 914 888 971 mortem
911 908 1039 991 triginta
1063 905 1101 969 de
1125 906 1260 970 civitat&

160 1016 291 1094 sublati,
315 1038 404 1102 opem
426 1019 541 1082 ferente
557 1018 726 1095 Pausania,
743 1018 1057 1083 Lacedaemoniorum
1073 1039 1161 1102 rege,
1177 1023 1260 1079 autes

161 1129 248 1191 cuius
283 1150 382 1212 genua
416 1128 589 1214 Diognetus
621 1129 749 1214 supplex
779 1129 877 1193 filium
908 1130 1067 1214 Eucratis,
1091 1128 1145 1214 qui
1167 1147 1241 1190 nuuc

162 1239 328 1303 orationem
359 1239 467 1316 habet,
496 1263 626 1324 puerum
649 1241 823 1318 etiamtum,
849 1241 1066 1316 constituerat,
1092 1246 1128 1304 ut
1151 1259 1243 1303 receu-

161 1349 201 1412 tis
232 1351 351 1414 sceleris
384 1350 569 1415 documento
600 1351 911 1416 Lacedaemoniorum
943 1374 1032 1436 opem
1063 1358 1170 1415 contra
1197 1347 1245 1411 oli·

161 1462 288 1546 garcbos
319 1461 485 1526 obtineret.
532 1462 687 1527 Libertate
722 1464 864 1527 restituta
894 1462 965 1526 filiis
997 1461 1140 1526 Lucratis
1171 1460 1246 1523 bona

163 1581 288 1656 paterna
312 1581 366 1637 aut
388 1572 494 1637 relicta
517 1582 570 1637 aut
593 1573 722 1638 reddita.
769 1573 842 1638 Nou
865 1575 909 1638 ita
932 1574 1031 1638 multo
1055 1581 1127 1658 post
1149 1580 1247 1636 tamen

163 1707 180 1746 a
203 1683 348 1748 Poliocbo
372 1684 545 1769 psephisma
568 1686 759 1770 propositum
783 1686 875 1749 fuisse
895 1684 1033 1763 videtur,
1056 1707 1136 1770 quo,
1158 1684 1249 1747 incer·

163 1803 230 1858 tum
266 1816 328 1880 quo
366 1802 544 1879 praetextu,
582 1796 794 1860 damnatorum
825 1795 919 1873 bona,
952 1818 1030 1881 quae
1062 1795 1169 1859 civitas
1198 1802 1248 1858 aut

164 1906 356 1991 possederat,
382 1913 435 1969 aut
458 1907 626 1993 reliquerat
647 1909 679 1971 in
703 1909 893 1993 possessione
917 1907 1083 1972 liberorum
1099 1907 1172 1971 fisco
1190 1907 1249 1970 vin·

164 2015 354 2082 dicabantur.
403 2016 462 2080 Sed
482 2025 587 2102 γραφῇ
611 2019 783 2100 παρανόμων
807 2027 967 2084 accusatus
990 2019 1162 2096 Poliochus
1183 2039 1249 2081 curu

164 2150 256 2192 causa
277 2130 451 2208 cecidisset,
475 2132 558 2197 mille
582 2131 733 2195 drachmis
750 2131 900 2195 multatus
917 2138 963 2194 est
977 2133 1006 2215 (q
1024 2133 1082 2207 14,
1099 2130 1156 2194 ubi
1172 2151 1250 2193 nuuc

163 2247 244 2303 recte
275 2241 454 2325 ἐζημιώσατε
485 2244 620 2329 legitur).
669 2242 738 2306 Hoc
769 2242 919 2306 iudicium
950 2241 1066 2305 dudum
1098 2242 1250 2306 oblivione

165 2373 304 2435 pressum
328 2377 392 2418 esse
415 2368 499 2420 ratus
524 2355 705 2432 Poliochus,
730 2355 849 2440 aliquot
871 2360 941 2440 post
964 2354 1069 2436 annis,
1094 2377 1192 2438 quum
1206 2353 1250 2417 iu-

166 2464 255 2528 terim
273 2465 477 2532 adolevissent
500 2467 555 2531 filii
578 2466 718 2531 Lucratis
743 2475 773 2530 et
795 2490 842 2530 res
866 2465 954 2530 uobis
978 2455 1101 2550 ignotae
1125 2465 1250 2528 tortasse

164 2577 320 2642 meliorem
344 2601 520 2643 successum
543 2579 772 2664 promitterent,
798 2578 949 2642 actionem
972 2577 1109 2641 instituit
1132 2577 1165 2641 in
1188 2576 1248 2640 Lu·

167 2689 258 2752 cratis
281 2689 370 2753 filios
417 2689 464 2756 Lx
495 2690 607 2775 quibus
640 2689 716 2753 alter
745 2689 801 2754 hac
832 2690 968 2753 oratione
991 2690 1085 2773 petit,
1110 2710 1149 2752 ne
1165 2687 1249 2752 ‘bona

168 2823 224 2864 sua
246 2802 450 2888 publicentur.
491 2803 579 2883 Quae
595 2808 775 2888 argumenta
790 2801 955 2865 Poliochus
973 2800 1011 2865 ad
1028 2823 1149 2864 causam
1166 2822 1248 2864 suam

169 2913 355 2997 probandam
387 2915 524 2991 attulerit
553 2937 615 2978 non
639 2913 802 2990 discimus;
826 2914 908 2977 iusta
931 2913 1011 2976 euim
1036 2934 1146 2976 causae
1170 2934 1250 2976 enar·

168 3025 247 3088 ratio
278 3025 466 3089 desideratur
497 3033 527 3090 et
557 3026 659 3110 potius
682 3025 721 3088 ad
744 3024 902 3110 publicum
925 3023 1119 3088 commodum
1143 3032 1174 3088 et
1195 3044 1253 3087 me-

169 3136 227 3199 rita
250 3137 344 3222 patris
368 3139 530 3222 patruique
554 3160 647 3223 quam
670 3137 708 3200 ad
731 3138 779 3201 ius
803 3144 947 3221 provocat
970 3142 1081 3200 orator.
1122 3134 1183 3199 Sed
1206 3157 1252 3220 ap

169 3257 271 3332 paret,
296 3249 387 3313 etiam
410 3272 447 3313 ex
469 3251 575 3328 initio,
600 3251 767 3315 orationem
790 3250 932 3313 mutilam
956 3271 1029 3312 esse.
1070 3247 1157 3312 Sitne
1180 3248 1252 3311 haec

170 3383 239 3445 pars
271 3361 433 3439 orationiS,
466 3385 560 3447 quae,
593 3370 756 3448 postquam
786 3362 869 3446 prior
892 3362 1192 3455 fraterlperorasset,
1217 3358 1252 3423 ab

171 3470 265 3535 altero
289 3471 394 3536 habita
416 3474 473 3551 sit,
499 3497 537 3537 au
562 3474 698 3538 eiusdem
721 3473 848 3538 oratoris
872 3473 986 3552 ὑστέρου
1010 3496 1034 3537 s.
1059 3473 1188 3552 δευτέρου
1206 3472 1251 3537 λό-

165 3606 242 3660 yoa,
259 3606 313 3647 -an
344 3608 413 3650 vero
444 3586 512 3649 finis
542 3586 687 3649 orationis
719 3585 802 3662 eiua,
839 3605 916 3669 quae
940 3584 1004 3647 sola
1027 3583 1141 3648 bacin
1164 3606 1252 3649 causa

119 3782 121 3787 Ι
172 3697 277 3762 habita
306 3697 397 3761 fuerit
428 3696 465 3761 ab
490 3695 629 3760 Lucratis
658 3696 722 3759 filio
745 3719 851 3781 parum
874 3695 990 3779 liquet;
1015 3696 1168 3781 quidquid
1192 3704 1251 3774 est,

172 3809 261 3873 initio
293 3815 435 3872 truncata
465 3816 520 3873 est.
567 3806 718 3887 Quocirca
747 3808 780 3871 in
812 3805 896 3870 brevi
927 3814 957 3870 et
988 3806 1117 3871 obscura
1148 3831 1253 3873 causae

172 3921 456 3985 commemoratione
485 3920 576 3985 licere
607 3918 928 4005 putavidivinatione
953 3919 1017 3996 uti,
1043 3941 1122 4003 quae
1146 3926 1254 3985 cetero

173 4034 247 4116 quin
272 4033 362 4096 nimis
387 4032 549 4097 artificiosa
571 4040 659 4096 esset.
707 4029 794 4110 Quae
817 4032 897 4095 enim
921 4031 1010 4115 posui
1035 4031 1071 4096 de
1092 4032 1193 4117 priore
1211 4033 1254 4096 iu-

174 4144 253 4208 dicio
270 4166 332 4229 quo
348 4144 510 4208 'damnatus
527 4144 626 4208 fuerat
642 4143 806 4207 Poliochus
822 4143 854 4206 in
867 4143 1042 4207 coniectura
1055 4145 1157 4228 posita
1169 4151 1253 4222 suut;

174 4279 236 4320 non
260 4280 329 4321 vero
352 4266 463 4322 temere
487 4264 614 4342 arrepta.
661 4255 802 4341 Namque
824 4255 942 4341 liquido
959 4255 1180 4322 demonstravit
1195 4255 1254 4320 Ha·

88 4386 91 4392 ·
175 4368 333 4448 makerus,
363 4371 417 4455 qui
445 4370 564 4454 egregie
587 4370 625 4432 de
648 4369 704 4432 hac
728 4368 864 4432 oratione
886 4368 1012 4431 meritus
1037 4379 1096 4446 est,
1121 4392 1184 4433 non
1208 4367 1254 4452 agi

264 4595 269 4624 l
