2850 5024
742 355 782 416 88

218 574 314 626 castra
341 587 402 627 nou
431 565 578 641 venisset,
603 563 655 627 sed
680 564 748 646 quis
773 563 875 626 credat
898 563 956 626 hor-
980 563 1134 647 singulare
1159 562 1312 625 delictum

216 674 344 737 militare
368 675 502 758 praetexi
526 675 679 759 potuisse,
694 682 729 736 ut
746 674 873 758 capitale
890 673 1039 737 iudicium
1054 674 1244 737 intentarent
1260 672 1311 736 ei?
1364 718 1371 727 .

218 784 267 847 Ad
290 792 389 848 castra
410 806 471 848 non
494 791 617 849 venerat
639 793 675 848 nt
690 783 733 847 ibi
749 823 793 832 -
809 783 971 862 dormiret,
989 793 1020 849 et
1034 792 1194 869 propterea
1208 791 1312 847 morte

216 894 328 980 diguus
351 895 433 958 visus
457 895 556 958 esset?
602 894 761 958 Scheibius
787 893 869 979 Olig.
886 893 983 958 Umw.
1002 917 1031 979 p.
1050 897 1091 957 42
1109 893 1309 978 (conf.Vind.

215 1028 244 1090 p.
271 1008 323 1088 67)
347 1007 582 1090 interpretatur,
608 1028 670 1069 non
693 1014 817 1090 praesto
842 1027 912 1069 eum
935 1006 1028 1069 fuisse
1053 1005 1090 1069 ad
1115 1029 1213 1083 arma,
1234 1027 1311 1088 quo·

215 1118 296 1181 uiam
320 1118 472 1201 quiescere
496 1118 605 1195 vellet;
631 1119 704 1181 satis
728 1117 882 1202 languide.
930 1118 1010 1182 Mihi
1036 1118 1143 1204 Lysias
1164 1140 1218 1203 pro
1235 1119 1310 1182 οἰνα-

215 1228 395 1302 παυσάμενος
427 1229 511 1293 aliud
542 1231 698 1314 scripsisse
724 1230 862 1306 videtur;
889 1231 1018 1294 coniicio
1042 1229 1311 1306 ἀνακαλεσάμενοι.

215 1341 322 1426 Specie
356 1340 479 1425 quidem
513 1341 560 1404 illi
594 1344 761 1406 obiecerant
795 1342 877 1426 quod
910 1341 947 1404 ad
981 1365 1063 1406 arma
1094 1365 1156 1406 non
1187 1350 1312 1426 praesto

214 1451 331 1515 hrisset.
366 1451 503 1516 Verbum
526 1455 737 1517 ἀνακαλεῖσθαι
761 1454 804 1516 ita
827 1453 941 1517 dicitur
965 1477 1057 1539 supra
1081 1459 1111 1518 9.
1139 1458 1154 1519 7
1182 1462 1212 1518 et
1237 1455 1277 1518 al.

260 1563 277 1647 p
303 1565 351 1625 14.
398 1563 448 1627 καὶ
464 1564 545 1629 αὐτοὶ
563 1565 617 1628 ὑπὸ
632 1571 688 1629 τῶν
700 1566 855 1645 τριήκοντα
867 1565 1065 1643 ε’ξηλοέήημεν·
1081 1561 1111 1638 ήν
1123 1567 1182 1646 γαρ
1193 1604 1239 1614 -
1251 1563 1313 1630 ὅλα

216 1675 256 1739 τα
280 1675 382 1754 μακροὶ
405 1674 491 1753 τείχη
515 1673 691 1754 διασκάψαι.
739 1674 872 1738 Litteras
895 1685 950 1740 EN
974 1684 1043 1760 post
1061 1677 1242 1754 ἐξηλάθημεν
1262 1699 1313 1741 re-

217 1786 362 1871 petendas
394 1793 486 1870 puto:
519 1788 597 1859 ε’νήν,
630 1787 728 1849 inerat
759 1787 791 1849 in
823 1786 1054 1850 condicionibus
1078 1789 1171 1871 pacis.
1219 1787 1331 1889 Infra*

218 1918 339 1980 quoque
369 1899 386 1982 d
416 1899 455 1963 70
485 1898 609 1974 οὐδαμοῦ
633 1898 692 1977 γαρ
715 1900 791 1962 εὀτνν
815 1898 975 1978 Ἀγόρατον
998 1900 1143 1974 Ἀθηναῖον
1166 1895 1237 1965 εἶναι
1260 1922 1311 1963 re·

218 2008 408 2072 stituendum
430 2009 552 2091 ἔνεστιν,
580 2010 653 2072 nim.
679 2011 711 2073 in
735 2010 849 2073 tabulis
874 2009 1022 2094 publicis,
1047 2010 1310 2094 quemadmodum

217 2128 297 2183 recte
321 2118 358 2183 de
381 2119 501 2184 foedere
525 2121 605 2205 apud
628 2120 723 2184 Thac.
737 2119 829 2184 VIII.
854 2125 915 2184 40:
937 2124 1038 2186 ἐνεῖναι
1059 2124 1118 2200 γὰρ
1139 2125 1188 2186 καὶ
1205 2124 1309 2196 νήσους

218 2230 341 2301 οἱτοήοας
373 2231 463 2295 τήλον
491 2232 638 2298 δουλεύειν.
687 2232 779 2317 Apud
813 2233 971 2296 Demosth.
1001 2236 1049 2296 14.
1076 2236 1135 2297 25:
1160 2235 1188 2297 ἐν
1210 2235 1320 2316 ταύτη·

218 2341 353 2422 χρήματ’
375 2342 452 2407 ἔστιν
472 2341 650 2406 Dindorfius
674 2365 710 2405 ex
734 2343 799 2406 cod.
826 2355 850 2407 Σ
874 2344 1009 2407 restituit
1032 2343 1148 2409 ἔνεστιν.
1173 2344 1212 2408 Iu
1238 2368 1313 2410 con-

218 2453 341 2517 trariam
365 2460 480 2537 partem
504 2452 583 2538 apud
608 2452 843 2537 Xenophontem
867 2453 927 2517 ΟΡ.
953 2453 996 2517 ΙΙ.
1023 2456 1053 2517 2.
1080 2457 1121 2517 26
1146 2465 1311 2541 peccatum

218 2563 353 2640 videtur,
377 2562 432 2627 ubi
456 2563 535 2647 quod
561 2565 689 2649 legitur:
714 2564 779 2629 οὔτε
804 2565 864 2645 γαρ
887 2563 970 2644 ἅρμα
984 2566 1078 2639 δήτου
1100 2569 1184 2648 ταχὺ
1201 2567 1311 2645 μένοντ’

218 2677 253 2742 δον
277 2676 403 2756 βραδέων
426 2673 520 2741 ἵττων
544 2677 688 2741 ἐνόντων
713 2699 807 2762 paene
830 2677 1004 2741 ridiculum.
1045 2677 1083 2741 In
1104 2678 1213 2764 Lysiae
1237 2680 1309 2744 loeo

218 2790 280 2863 ἕνήν
303 2788 440 2852 restituit
463 2790 553 2852 etiam
577 2788 781 2853 Halbertsma.

264 2901 280 2983 p
306 2901 354 2961 15.
402 2899 488 2963 Pacis
520 2899 713 2964 condiciones
745 2899 886 2964 afferente
909 2900 1096 2966 Theramene
1120 2925 1207 2986 aegre
1231 2903 1310 2967 fere·

219 3010 294 3074 bant
328 3009 469 3094 quidam:
505 3010 619 3090 ὁρῶντες
650 3011 673 3074 δ’
701 3007 772 3076 οὗτοι
807 3013 830 3075 οἱ
853 3012 949 3090 ἄνδρες
985 3010 1103 3090 ὀνόματι
1124 3014 1177 3090 μὲν
1201 3017 1312 3096 εἰρήνην

218 3119 431 3199 λεγομένην,
448 3124 488 3202 τῷ
505 3121 613 3204 δ’ἔρρῳ
628 3125 679 3198 τήν
697 3124 891 3200 δημοκρατίαν
902 3123 1130 3202 καταλυομένην.
1149 3125 1310 3213 Hirschig.

218 3233 388 3309 νενομένην;
411 3232 463 3297 sed
487 3256 545 3318 pax
568 3235 706 3299 nondum
730 3242 793 3299 erat
816 3236 905 3300 facta.
953 3237 1124 3326 Λενομένην
1149 3237 1251 3322 glossa
1267 3241 1313 3304 vi-

219 3344 308 3407 detur
331 3366 417 3408 verae
441 3344 579 3408 lectionis
602 3346 799 3427 φερομένην
822 3346 924 3423 „illud
941 3345 1023 3431 quod
1041 3347 1239 3427 afferebatur,
1256 3374 1313 3415 no-

218 3455 300 3518 mine
323 3477 381 3539 pax
404 3455 498 3518 erat.’'
533 3456 673 3520 Proxima
695 3461 711 3542 ξ
731 3480 784 3542 pro
805 3460 909 3540 εἰρήνην
930 3462 1165 3543 ποιήσασθαι,
1187 3462 1313 3545 requiro

221 3574 348 3639 ποιήσαι.

161 3672 163 3676 ⁵
241 3679 281 3761 'h
306 3679 355 3742 17.
402 3678 487 3754 γνοὺς
510 3678 539 3743 δὲ
561 3679 644 3743 ταῦθ’
667 3681 680 3742 ὁ
701 3677 870 3759 Θηραμένης
893 3721 937 3730 -
956 3680 997 3747 ὅτι
1017 3684 1071 3747 εἶσί
1091 3708 1173 3754 τινες.
1196 3688 1312 3747 Ταῦτα

213 3788 308 3853 'eiecit
337 3788 574 3865 Herwerdenus,
607 3795 643 3852 ut
674 3796 744 3852 ante
776 3812 845 3854 eum
877 3792 1035 3870 Bromius3
1061 3793 1253 3857 Hamaherus
1275 3795 1313 3858 ἐκ

218 3901 334 3964 τούτων.
369 3897 448 3962 Vere
473 3899 723 3964 Westermannus
750 3901 863 3987 (progr.
887 3903 973 3990 Lips.
1002 3908 1084 3968 1860
1110 3929 1140 3989 p.
1167 3908 1199 3988 d)
1222 3905 1312 3981 γνοὺς

221 4009 247 4073 δ’
271 4009 383 4074 ἐνταῦθ’
406 4010 419 4073 ὁ
443 4021 479 4074 Θ.

265 4123 281 4205 d
306 4123 356 4183 19.
405 4119 552 4194 ἐβούλοντ’
576 4118 620 4184 οὖν
644 4120 753 4186 τήκοντα
777 4123 865 4186 δοκεῖν
890 4125 977 4188 αὐτὸν
999 4126 1048 4189 καὶ
1072 4128 1114 4203 μή
1133 4126 1236 4191 ἑκόντα
1253 4153 1312 4204 μη·

223 4233 311 4309 νήεον,
343 4232 418 4303 ὄντος
450 4231 607 4313 τνοτοτερα
639 4234 706 4310 ὑμῖν
734 4234 928 4316 ὑποφαίνοιτο.
974 4236 1196 4301 Herwerdeuus
1219 4239 1314 4303 verba

224 4346 274 4407 καὶ
299 4344 340 4419 μή
365 4342 467 4407 ἑκόντα
490 4343 606 4406 iudicat
629 4343 793 4426 magistelli
816 4367 880 4408 esse
904 4346 1144 4411 additamentum
1150 4375 1160 4426 3
1185 4349 1239 4412 sed
1260 4350 1314 4414 ad-
