2850 5024
672 342 736 403 222
763 362 768 369 ·

160 542 280 627 generis
304 549 394 619 sunt,
426 550 460 605 ut
484 541 655 625 euphoniae
679 541 819 605 studioso
843 541 958 604 oratori
980 540 1072 603 facile
1099 541 1259 623 potuerint
1348 538 1353 607 1

162 652 319 730 excidere,
344 675 400 716 nec
424 650 634 735 improbanda.

207 762 375 826 Subductis
406 762 578 826 rationibus
608 760 687 825 nihil
719 760 808 824 video
839 760 1000 844 equidem,
1034 761 1122 843 qnod
1149 758 1259 843 Lysiae

161 872 267 936 stilum
291 872 446 937 dedeceat.
495 870 588 951 Quod
621 871 773 955 quaedam
804 871 842 934 ab
874 871 1002 935 historia
1031 871 1204 945 recedunt,
1228 868 1259 930 in

161 1005 225 1044 eam
259 992 375 1066 partem
405 984 463 1045 erit
487 981 767 1066 interpretandum,
793 990 830 1045 ut
852 980 999 1045 callidum
1024 982 1133 1065 potius
1157 1001 1260 1042 causa-

162 1115 229 1154 rum
255 1101 416 1176 patronum
441 1115 532 1176 quam
556 1092 684 1177 probum
710 1093 809 1155 virum
833 1114 865 1155 se
888 1098 1033 1175 praestet.

417 1323 531 1368 XXVlll.
563 1323 629 1368 KAT’
650 1329 828 1369 ΕΡΓΟΚΛΕΟΤΣ
849 1329 996 1369 tumoros-

210 1525 354 1609 Ergocles
385 1524 568 1608 Thrasybuli
596 1525 628 1587 in
654 1524 764 1588 ultima
791 1524 857 1587 eius
881 1523 1076 1608 expeditione
1102 1520 1206 1585 socius
1230 1527 1260 1581 et

166 1637 282 1698 amicus
302 1634 424 1712 iisdem,
442 1634 555 1718 quibus
572 1635 624 1698 ille
641 1634 821 1698 criminibus
838 1633 935 1698 teneri
951 1633 1066 1697 dicitur
1081 1633 1111 1715 (1
1128 1635 1147 1692 6
1165 1637 1197 1694 11
1214 1633 1258 1713 8),

166 1745 220 1807 sed
250 1744 477 1827 Thrasybulum
507 1745 587 1808 iuter
618 1744 734 1808 bellum
765 1765 847 1806 mors
879 1748 1083 1826 occupaverat
1117 1763 1144 1803 a.
1178 1742 1260 1816 389,

167 1853 311 1937 Ergocles
342 1852 469 1917 domum
503 1860 663 1916 revocatus
698 1874 821 1916 causam
857 1852 957 1916 dicere
987 1850 1120 1934 cogitur.
1168 1849 1262 1934 Apud

168 1963 403 2047 Xenophontem
437 1962 519 2026 Hell.
551 1962 607 2027 IV.
642 1966 671 2025 8.
704 1965 836 2026 aaa-30
870 1983 949 2046 quae
972 1960 1121 2042 leguntur
1144 1960 1263 2025 faciunt

168 2081 202 2135 ut
224 2073 315 2136 iidem
341 2072 467 2137 habeam
490 2073 548 2150 iis,
574 2095 651 2156 quae
675 2072 713 2135 de
737 2072 827 2136 sociis
850 2071 979 2156 direptis
1001 2071 1033 2134 in
1050 2069 1109 2133 hac
1125 2069 1262 2134 oratione

167 2186 184 2268 1
209 2187 247 2249 17
273 2183 429 2247 dicuntur.
475 2182 556 2246 Nam
582 2205 678 2266 quum
701 2183 735 2246 in
753 2183 927 2247 ‘seleutiam
942 2181 1087 2245 Rhodum
1104 2189 1261 2245 tenentem

165 2293 277 2356 missus
300 2301 380 2357 esset
397 2293 626 2378 Thrasybulus,
644 2294 794 2378 primum,
810 2302 846 2357 nt
863 2294 1024 2379 pecuniam
1044 2292 1103 2356 sibi
1123 2304 1261 2376 pararet,

165 2403 295 2487 Byzanti
317 2404 487 2488 portorium
508 2404 676 2468 anavibus
697 2426 734 2466 111
751 2402 955 2488 Hellesponto
979 2402 1115 2466 advectis
1141 2402 1261 2485 exigen-

166 2512 241 2576 dum
268 2512 380 2577 locavit
404 2516 521 2598 (127),
545 2521 613 2577 tum
636 2513 771 2577 Lesbum
795 2535 977 2598 expugnans
1000 2535 1085 2596 spem
1109 2511 1262 2575 militibus

166 2622 312 2707 pecuniae
336 2631 470 2686 ostentat
493 2624 520 2706 (1
543 2625 615 2708 28),
637 2622 769 2707 denique
790 2622 951 2700 Rhodum,
969 2629 999 2686 et
1015 2620 1129 2686 deinde
1145 2623 1264 2706 Aspen-

166 2732 239 2797 dum
269 2733 303 2796 in
333 2732 547 2818 Pamphyliam
579 2740 702 2810 vectus,
738 2733 855 2816 ubique
886 2732 1002 2796 tributa
1033 2753 1050 2794 1
1082 2730 1264 2795 civitatibus

166 2843 262 2926 exigit
285 2844 315 2926 (1
338 2846 402 2927 30).
449 2842 559 2926 Neque
583 2851 686 2907 tamen
709 2843 768 2907 hoc
792 2843 891 2926 egisse
914 2840 1086 2906 censendus
1111 2847 1159 2904 est
1175 2840 1216 2904 ad
1232 2861 1264 2902 se

166 2953 421 3037 locupletandum
433 3002 442 3032 ,
467 2953 566 3038 qualis
591 2953 726 3038 suspicio
750 2975 813 3017 non
837 2953 983 3017 convenit
1005 2953 1037 3016 in
1061 2973 1164 3015 mores
1189 2949 1264 3028 viri,

166 3085 239 3127 cum
262 3064 299 3128 ab
325 3063 410 3142 aliis,
434 3071 503 3126 tum
527 3086 545 3126 a
568 3062 792 3147 Xenophonte,
818 3084 909 3147 parce
933 3062 1112 3146 ceteroquin
1138 3060 1267 3124 Atheni·

168 3195 254 3236 enses
277 3172 310 3235 in
335 3171 502 3236 Hellenicis
527 3171 691 3254 laudante,
718 3171 862 3235 celebrati
886 3172 927 3236 ib.
951 3175 968 3256 1
991 3175 1051 3235 31:
1076 3171 1127 3236 aa)
1150 3172 1266 3250 opaea

166 3283 272 3360 βουλος
296 3282 349 3359 μὲν
372 3283 405 3355 δὴ
429 3282 519 3360 astae
541 3283 626 3347 δοκῶν
648 3281 717 3362 ἀνὴρ
741 3283 854 3358 ἀγαθὸς
870 3279 943 3346 εἶναι
959 3279 1046 3352 οὕτως
1063 3282 1264 3356 ἐτελεύτησεν.

167 3391 228 3456 Sed
251 3390 357 3455 fecisse
381 3392 483 3476 potius
508 3392 630 3456 videtur
654 3391 693 3455 ad
717 3390 861 3455 alendum
885 3393 1069 3468 exercitum,
1094 3392 1147 3456 cui
1163 3414 1265 3456 neces-

167 3501 245 3564 saria
268 3501 359 3563 domo
384 3523 446 3564 non
470 3501 544 3564 satis
565 3501 680 3565 fuerint
702 3501 909 3586 suppeditata.
945 3500 1049 3565 Verba
1064 3499 1177 3585 Lysiae
1192 3504 1210 3586 1
1227 3504 1261 3565 8:

169 3608 374 3691 Θρασύβουλος
403 3613 456 3688 μὲν
483 3608 546 3686 οὖν,
571 3607 591 3675 ὦ
614 3609 712 3692 ἄνδρες
737 3611 901 3687 Ἀθηναῖοι,
929 3611 1017 3694 (οὐδὲν
1043 3612 1103 3692 γὰρ
1131 3611 1178 3676 δεῖ
1200 3611 1264 3692 περὶ

168 3722 258 3784 αὐτοῦ
292 3720 383 3784 πλείω
418 3720 527 3807 λέγειν)
563 3727 681 3794 καλῶς
713 3724 879 3798 ἐποίησεν
913 3721 1000 3787 οὕτω
1034 3723 1265 3796 τελευτήσας

168 3830 226 3895 τὸν
259 3826 337 3905 βίον
369 3831 509 3894 consulto
545 3830 674 3894 obscura
705 3837 779 3894 sunt
810 3838 840 3895 11
875 3830 1036 3916 ambigua,
1064 3839 1101 3894 ut
1128 3831 1267 3915 suspicio

168 3946 361 4024 spargeretur
404 3939 630 4024 Thrasybulum
677 3941 840 4004 imminens
879 3941 1052 4025 periculum
1087 3928 1269 4004 voluntaria

167 4055 265 4112 morte
298 4050 506 4132 praevertisse.
554 4048 595 4113 Et
625 4050 718 4113 simili
742 4050 911 4114 calliditate
934 4051 967 4114 in
990 4050 1117 4133 reliquis
1141 4072 1270 4134 quoque

169 4159 350 4222 criminibus
374 4160 439 4222 sine
463 4158 559 4222 dubio
583 4168 685 4223 orator
709 4166 846 4223 versatus
871 4165 926 4223 est.
968 4157 1049 4221 Nam
1071 4158 1204 4243 Byzanti
1221 4182 1271 4223 oc·

171 4269 312 4351 eupatio,
346 4291 437 4352 quam
471 4291 488 4331 a
518 4268 708 4351 Thrasybulo
740 4277 771 4333 et
802 4268 932 4351 Ergocle
963 4268 1074 4331 factam
1099 4290 1166 4332 esse
1191 4269 1271 4368 dicit
