2850 5024
661 386 724 446 213

143 580 280 656 Scheib.;
304 579 397 643 Diod.
423 580 510 650 XIV.
536 605 561 644 c.
589 584 619 663 6)
643 587 740 664 utque
764 581 824 666 ipsi
840 583 1057 657 conniverent,
1075 582 1101 644 si
1117 582 1170 665 qui
1185 604 1240 665 per

143 690 303 752 Boeotiam
326 712 409 754 arma
433 690 464 753 in
488 692 616 774 triginta
638 691 719 754 viros
744 689 1238 774 1101111111(ἕοὶνδὲτιςἈθήνοιζε

142 801 190 864 aa
216 809 268 873 τῆς
293 801 429 871 Βοιωτίας
452 803 499 865 ἐπὶ
524 804 590 873 τοὺς
610 802 761 883 τυράννους
780 802 862 866 ὅπλα
881 803 983 882 κομίζῃ
1002 800 1068 876 μήθ’
1088 800 1154 877 ὁρᾶν
1170 822 1237 862 rua

143 910 283 986 Θηβαίων
305 911 376 984 μήτ’
398 910 519 976 ἀκούειν.
546 911 592 975 Of.
610 911 715 996 Pelop.
734 914 776 995 6).
810 912 924 976 Thebis
939 910 1150 995 Thrasybulus
1166 931 1234 971 oum

143 1019 253 1102 exigua
287 1041 381 1082 manu
415 1019 454 1082 ad
488 1019 662 1084 liberandas
692 1021 829 1084 Athenas
861 1020 1015 1105 profectus
1047 1027 1101 1082 est.
1149 1017 1257 1097 Quae

141 1128 288 1193 beneficia
310 1129 403 1212 legati
426 1128 565 1194 Thebani
588 1138 695 1214 postea
718 1154 745 1194 a.
771 1133 835 1193 395
861 1129 1104 1194 Atheniensibus
1127 1130 1160 1193 in
1177 1151 1237 1193 me·

141 1240 268 1303 moriam
298 1247 442 1302 revocant
478 1240 540 1304 III.
567 1244 596 1304 5.
624 1244 658 1318 8,
684 1263 750 1324 sqq.
798 1241 865 1305 Iam
888 1262 958 1303 vero
982 1239 1167 1323 Thrasybuli
1190 1260 1237 1301 co-

139 1357 247 1411 natum
278 1371 296 1410 a
325 1348 480 1414 Thebanis
512 1352 604 1415 etiarn
636 1352 767 1436 pecunia
795 1350 936 1415 adiutum
963 1350 1057 1413 fuisse
1081 1347 1237 1433 probabile

139 1465 202 1535 est,
235 1481 361 1542 eamque
393 1481 475 1523 nuno
507 1484 525 1522 a
556 1460 680 1523 Boeotis
713 1461 919 1544 nequicquam
941 1459 1106 1543 repetitam
1131 1458 1235 1520 fuisse.

140 1567 207 1629 Hoc
234 1568 300 1650 ipso
328 1577 465 1653 tempore
489 1568 606 1632 bellum
629 1570 709 1633 inter
732 1569 992 1633 Lacedaemonios
1017 1576 1047 1632 et
1072 1567 1163 1631 Eleos
1187 1589 1237 1650 gc·

139 1676 271 1740 rebatur.
319 1676 401 1739 Nam
431 1677 605 1763 Xenophon
636 1678 719 1743 Hell.
752 1679 815 1743 ΙΠ.
845 1682 875 1743 9.
902 1681 942 1742 tl
970 1678 1077 1743 eodem
1100 1689 1237 1761 tempore

139 1808 200 1869 quo
225 1785 415 1870 Dercyllidas
438 1787 471 1850 in
496 1788 571 1850 Asia
598 1788 715 1853 bellum
738 1796 856 1872 gereret
872 1796 1051 1872 susceptum
1067 1788 1235 1870 signifieat3

139 1895 328 1979 Dercyllidas
360 1902 462 1959 autem
491 1906 680 1962 successerat
703 1898 903 1976 Thimbroni,
929 1899 982 1983 qui
1007 1896 1177 1982 imperabat
1200 1917 1235 1959 eo

137 2012 274 2088 tempore
298 2026 359 2088 quo
382 2006 488 2086 Κύρειοι
512 2006 671 2084 redibant,
690 2008 710 2071 i.
728 2030 754 2071 e.
772 2030 854 2071 anno
871 2010 936 2070 400
955 2007 1065 2070 medio.
1090 2006 1137 2069 Os.
1156 2004 1238 2067 Clin-

137 2122 201 2178 ton.
231 2115 270 2178 ad
300 2138 326 2178 a.
351 2119 416 2178 400
441 2124 472 2179 et
494 2117 526 2180 in
551 2119 632 2201 App.
657 2117 700 2180 H.
726 2141 760 2202 p.
787 2120 870 2196 989,
894 2117 1000 2202 Krug.·
1029 2115 1102 2180 Non
1126 2117 1237 2179 mirum

137 2224 298 2288 Thebanos
321 2248 410 2310 aegre
436 2227 544 2290 tulisse
569 2228 773 2291 Athenienses
796 2229 830 2292 in
854 2251 888 2292 ea
911 2251 943 2292 re
967 2227 1124 2312 Spartanis
1148 2248 1236 2310 opem

136 2335 228 2409 ferre,
254 2356 351 2417 quam
375 2336 435 2419 ipsi
459 2357 529 2400 cum
553 2336 723 2400 Corinthiis
746 2345 937 2402 recusassent
960 2337 1056 2419 (Hell.
1081 2337 1101 2400 l.
1123 2337 1144 2399 l.
1171 2338 1234 2419 25).

138 2443 230 2507 Nunc
261 2445 357 2528 igitur
388 2446 497 2510 Boeoti
527 2449 623 2532 raptis
647 2449 885 2512 Atheniensium
909 2448 997 2512 bonis
1021 2471 1069 2511 res
1092 2452 1237 2530 repetunt

138 2552 244 2634 (odiar
268 2561 439 2638 ποιοῦνται).
486 2556 596 2620 Paucis
626 2559 714 2621 annis
741 2566 812 2642 post
835 2560 925 2643 (395)
948 2557 1106 2621 recruduit
1130 2553 1235 2618 simul·

137 2671 184 2725 tas
208 2671 314 2727 contra
337 2664 594 2730 Lacedaemonios
619 2676 649 2730 et
672 2667 788 2732 viribus
805 2667 1031 2751 quodammodo
1047 2664 1233 2749 reeuperatis

138 2794 228 2834 ausae
258 2779 332 2836 sunt
362 2774 502 2838 Athenae
534 2776 712 2840 societatem
743 2798 813 2840 eum
843 2775 997 2840 Thebanis
1028 2776 1106 2839 inire
1136 2772 1232 2858 (Hell.

137 2882 199 2946 ΙΠ.
227 2885 255 2945 5.
288 2884 349 2966 16).

182 2992 229 3055 De
258 2991 419 3055 navalibus
450 2993 608 3076 murisque
637 3017 714 3077 qnae
746 2994 893 3059 dicuntur
923 2996 1000 3076 (τοὺς
1023 2994 1052 3057 δὲ
1077 2993 1233 3065 νεωςοίκους

135 3101 184 3164 και)
219 3102 261 3164 τὰ
294 3103 382 3181 τείχη
417 3100 702 3186 repraesentaturi-a)
722 3104 809 3168 nulla
839 3105 981 3189 indigent
1012 3103 1232 3187 explicatione,

136 3232 233 3292 quum
256 3217 376 3274 constet
399 3233 504 3274 muros
528 3234 608 3275 anno
632 3212 756 3277 demum
780 3216 844 3277 393
869 3236 888 3276 a
911 3213 1038 3276 Conone
1061 3213 1156 3276 fuisse
1172 3235 1231 3276 res-

136 3320 258 3383 titntos.

182 3428 323 3493 Sectione
350 3433 390 3493 lA
414 3431 656 3496 Strombichides
680 3440 710 3496 et
735 3433 886 3498 Calliades
909 3434 1055 3498 dicuntur
1071 3456 1088 3496 a
1103 3433 1231 3517 triginta

138 3540 209 3601 viris
240 3540 403 3604 interfecti.
451 3542 699 3607 Strombiohiden
731 3550 834 3607 autem
863 3543 971 3628 Lysias
1006 3547 1056 3608 13.
1085 3548 1123 3606 13
1152 3566 1232 3607 com*

138 3657 286 3714 memorat
318 3673 388 3714 oum
419 3651 650 3736 Dionysodoro:
687 3653 845 3731 προςιόντες
875 3653 901 3716 δ’
931 3656 1010 3732 αὐτῷ
1039 3653 1231 3737 (Therameni

140 3759 250 3843 Sparta
280 3761 433 3847 redeunti)
462 3769 517 3826 τῶν
541 3788 574 3826 τε
601 3769 773 3844 στρατηγῶν
795 3787 869 3835 τινες
892 3764 941 3826 acl
965 3769 1020 3828 τῶν
1042 3761 1229 3845 ταξιάρχων,

140 3867 175 3934 ὧν
199 3868 231 3945 ἦν
255 3873 475 3953 Στρομβιχίδης
502 3873 551 3936 καὶ
580 3873 798 3957 Διονυσο3ωρος,
821 3871 872 3936 καὶ
895 3870 981 3937 ἄλλοι
1004 3873 1077 3943 τινὲς
1098 3878 1154 3935 τῶν
1177 3895 1228 3936 πο-

138 3986 224 4043 λιτῶν
254 3977 325 4045 εὖνοι
355 3981 433 4052 ὄντες
466 3982 549 4064 ὑμῖν,
582 3979 617 4052 ὥς
648 3980 681 4057 y’
710 3981 857 4056 ἐδήλωσαν
888 3979 1020 4060 ὕστερον,
1045 3981 1229 4057 ἠγανάκτουν

139 4089 261 4170 σφοἯρα.
304 4090 375 4170 Quo
402 4091 567 4175 specimine
595 4091 839 4155 benevolentiam
863 4112 934 4173 erga
957 4090 1107 4174 populum
1131 4097 1229 4154 osten-

139 4201 258 4277 derint,
287 4200 398 4263 oollata
420 4203 436 4284 0
459 4203 500 4262 39
526 4207 557 4263 et
579 4199 631 4263 all.
656 4199 785 4264 dubium
808 4222 873 4262 esse
896 4221 959 4262 non
981 4206 1084 4283 potest
1091 4225 1101 4276 3
1127 4222 1230 4283 quem·

140 4311 305 4375 admodum
334 4311 414 4374 enim
438 4310 688 4395 Dionysodorus,
713 4309 751 4373 de
779 4332 841 4393 qno
864 4309 975 4373 diserte
999 4308 1057 4372 hoc
1080 4309 1227 4387 refertur,
