2850 5024
656 358 695 421 87

506 586 573 627 ΧΙΠ.
610 588 675 630 ΚΑΤ’
693 593 844 630 ΑΓΟΡΑΤΟΤ.

178 779 196 862 b
218 779 248 841 7.
294 780 431 854 Ἡγοῦντο
453 776 477 842 δ’
499 780 594 844 οὐδὲν
617 776 708 843 ἄλλο
725 778 825 857 σφίσιν
836 776 965 853 ἐμποδῶν
977 770 1047 840 εἶναι
1060 775 1077 850 ἢ
1089 774 1154 844 τοὺς
1169 780 1220 838 τοῦ

134 887 223 965 δήμοιο
246 888 468 968 προεστηκότας.
516 888 653 953 Goniioio
681 888 793 959 οὐδένας
817 890 943 965 μῶλλον.
980 884 1027 949 Of.
1054 886 1140 949 Dom.
1166 888 1218 949 23.

136 1001 217 1075 204,
242 1001 295 1062 30.
320 1000 372 1064 37.

178 1112 248 1194 §ta
295 1111 341 1175 De
371 1111 556 1176 Theramene
584 1133 681 1175 sermo
705 1118 768 1187 est,
793 1109 847 1193 qui
870 1106 1072 1193 pollicebatur
1095 1108 1127 1170 in
1151 1129 1219 1170 con·

133 1221 217 1285 tione
239 1219 282 1286 έπι
304 1259 350 1271 -
372 1223 481 1297 ποιήσει
510 1221 584 1287 ῶσπε
614 1223 691 1298 μήτε
718 1226 774 1285 τῶν
796 1224 902 1299 τειχῶν
925 1217 1026 1282 διελεῖν
1048 1218 1120 1296 μήτ’
1143 1215 1218 1281 ῶλλο

132 1335 185 1408 τὴν
208 1333 291 1398 πόλιν
313 1336 479 1400 ἐλαττῶσαι
502 1333 598 1411 μηδέν.
635 1331 683 1395 Ne
703 1332 772 1417 quis
795 1329 883 1409 μηδέν
899 1329 937 1394 ad
957 1335 1012 1393 τῶν
1027 1334 1132 1409 τειχῶν
1148 1351 1219 1413 sup-

130 1443 213 1529 pleat
236 1445 273 1508 of.
297 1445 393 1509 Tbuo.
419 1445 480 1509 III.
507 1448 558 1508 89.
584 1448 603 1508 3
629 1448 656 1527 (ἡ
672 1445 833 1525 ἐπίκλοπος)
849 1447 900 1507 τοῶ
916 1440 1045 1521 Φρονρίον
1061 1445 1116 1505 τῶν
1132 1441 1215 1515 ’Λέκ-

131 1557 216 1619 ναῖων
238 1563 369 1633 παρεῖλε.
416 1556 621 1641 Aliquatenus
637 1556 757 1621 diversa
772 1562 844 1618 sunt
860 1554 939 1617 Plat.
957 1553 1058 1638 Symp.
1077 1556 1152 1617 213.
1171 1552 1199 1615 D
1208 1600 1218 1632 ,

133 1667 210 1730 Xen.
241 1666 339 1731 Anab.
356 1665 430 1730 VII.
455 1670 485 1729 4.
512 1669 549 1744 5,
578 1667 690 1751 quibus
714 1667 788 1730 loois
813 1666 931 1750 aliquot
955 1687 991 1728 ex
1003 1687 1130 1728 numero
1147 1686 1221 1750 quo·

131 1779 203 1843 dam
225 1778 447 1863 intelleguntur
454 1805 464 1856 ;
489 1790 519 1842 et
542 1779 638 1843 Thua.
663 1778 708 1842 ΙΙ.
735 1782 786 1844 75.
812 1782 848 1842 4:
874 1778 1013 1848 διελόντες
1033 1783 1083 1841 τοῦ
1101 1777 1219 1854 τείχους

131 1889 149 1972 ᾗ
178 1892 352 1971 προσέπιπτε
383 1890 416 1953 τὸ
446 1896 540 1969 χῶμα
573 1891 721 1972 ἐςεφέρονν
751 1893 802 1965 τὴν
833 1899 907 1971 γῆν,
939 1889 1021 1973 quod
1045 1887 1162 1951 dictum
1185 1895 1220 1951 ut

130 2024 222 2087 supra
243 2004 260 2087 p
283 2005 320 2064 8:
351 2001 375 2065 εῖ
406 2002 619 2082 κατασκαφείκ
646 2006 702 2066 τῶν
732 2007 839 2081 τειχῶν
860 2006 916 2065 τῶν
939 2006 1056 2078 μακρῶν
1079 1999 1127 2064 ἐπὶ
1150 1999 1220 2064 δέκα

129 2112 237 2178 στοέδια
259 2112 401 2193 ἑκατέρου.
448 2111 505 2175 Est
528 2121 629 2176 tamen
653 2113 687 2175 in
709 2112 768 2176 hoc
791 2111 858 2175 looo
883 2110 965 2196 quod
981 2110 1131 2189 offendat;
1149 2135 1219 2175 nam

66 2238 73 2259 ¹
129 2235 200 2288 ante
230 2224 417 2295 infinitivum
448 2233 519 2310 post
549 2233 637 2289 ποιεῖν
668 2221 742 2289 ῶοτε
773 2223 946 2288 subiectum
969 2246 987 2286 a
1009 2223 1152 2308 primario
1176 2223 1220 2312 di—

127 2358 248 2400 versum
269 2358 331 2400 non
356 2344 456 2421 potest
480 2338 600 2421 omitti3
625 2338 771 2400 omissum
796 2346 898 2400 autem
921 2336 971 2401 bio
991 2359 1055 2399 esse
1072 2336 1217 2402 Λακεδαι-

126 2447 238 2526 μονίους
265 2470 302 2512 ex
325 2452 491 2514 ἐλαττῶσαι
515 2449 638 2514 demum
661 2450 860 2535 intellegitur.
892 2449 1029 2514 Proelive
1050 2456 1096 2512 est
1111 2449 1216 2520 αὐτούς

127 2559 247 2624 addere.
276 2559 335 2624 Sed
359 2560 517 2643 aliquanto
542 2559 729 2644 probabilius
754 2569 816 2637 est,
833 2562 943 2634 ποιήσει
959 2582 1023 2623 esse
1039 2566 1217 2644 corruptum

125 2694 165 2736 ox
195 2670 297 2736 πείσει.
344 2669 419 2733 Post
448 2671 551 2735 πείθειν
590 2671 745 2736 obiectum
763 2732 767 2743 ,
782 2673 934 2735 omittitur
968 2678 1003 2734 ut
1028 2671 1125 2734 Thuo.
1153 2668 1214 2733 ΙΠ.

128 2784 210 2845 10οε
239 2782 466 2861 προπέμψαντες
489 2781 619 2864 πρότερον
641 2783 670 2855 ές
692 2809 726 2848 τε
750 2783 874 2861 Κόρινθον
893 2784 942 2846 καὶ
963 2785 993 2854 ἐς
1005 2782 1215 2859 Λακεδαίμονα

28 2954 31 2959 ,
125 2894 326 2974 πρέσβεις-
349 2894 584 2960 πεέθουσινῶστε
609 2896 693 2976 σφίσι
718 2895 838 2974 πέμψαι
861 2895 1011 2974 στρατιῶν.
1036 2892 1082 2957 Cf.
1106 2893 1148 2956 id.
1163 2896 1178 2957 7
1185 2895 1214 2955 5.

129 3009 146 3068 1
172 3012 204 3070 et
227 3005 311 3070 alibi.

171 3117 189 3200 t
214 3118 263 3179 12.
310 3113 532 3200 Cleopbontem
556 3116 740 3180 damnarunt
762 3115 909 3198 πρόφασιν
931 3116 984 3193 μὲν
1004 3112 1046 3180 δ’τι
1066 3117 1115 3179 οὐκ
1132 3112 1214 3191 ἦλθεν

126 3227 168 3298 εἷς
197 3225 238 3291 τοδ
267 3225 348 3291 έπλα
378 3228 634 3307 ἀναπαυσόμενος,
663 3228 696 3292 τὸ
726 3227 749 3289 δ’
772 3226 876 3302 οέλκέὲς
907 3223 949 3291 ὅτι
979 3229 1116 3291 ἀντεῖπεν
1145 3227 1214 3307 ὑπὲρ

126 3339 206 3415 ὑμῶν
234 3339 277 3415 μὴ
306 3339 449 3418 καθαιρεῖν
477 3340 518 3404 ποῖ
540 3342 638 3421 τείχκ.
685 3340 822 3403 Breviter
846 3347 1059 3403 commemorat
1082 3360 1159 3423 quae
1182 3338 1215 3400 in

126 3447 332 3512 Nicomaohea
355 3452 382 3534 (b
407 3453 459 3535 10)
484 3452 581 3515 fusius
605 3458 769 3514 narrantur
776 3477 785 3527 ;
804 3451 970 3514 conflatum
985 3457 1049 3514 erat
1066 3448 1214 3513 iudicium

126 3558 243 3624 adscito
275 3569 400 3639 senatu,
431 3564 484 3647 qui
513 3585 679 3648 paucorum
702 3562 823 3626 favebat
847 3562 992 3646 imperio,
1018 3585 1079 3646 quo
1103 3562 1213 3625 certius

125 3670 180 3735 ille
210 3670 472 3736 condemnaretur.
519 3673 624 3752 Quum
656 3674 792 3758 legitima
822 3673 919 3736 forma
948 3671 1055 3735 iudicii
1077 3695 1139 3751 non
1164 3672 1214 3736 ob-

124 3789 312 3859 servaretur,
337 3784 369 3846 in
394 3806 428 3847 eo
452 3806 574 3868 quoque
594 3808 612 3848 a
627 3785 847 3849 consuetudine
864 3807 1014 3848 reaessnm
1031 3807 1112 3861 esse,
1130 3783 1213 3869 quod

125 3892 242 3956 crimen
274 3895 479 3958 oontumaoiae
513 3895 654 3959 militaris
685 3895 723 3958 ad
747 3895 894 3960 iudicium
918 3895 1042 3980 aliquod
1067 3896 1211 3978 (δικαστή-

123 4006 208 4086 ριον),
232 4026 293 4069 non
317 4005 355 4068 ad
379 4014 527 4090 strategos
551 4007 734 4084 deferretur,
759 4030 821 4071 non
847 4015 892 4071 est
915 4007 998 4090 quod
1021 4006 1082 4069 illis
1105 4006 1211 4070 turbu-

122 4115 217 4179 lentis
241 4115 429 4200 temporibus
452 4118 605 4181 miremur.
653 4117 712 4181 Sed
735 4120 767 4205 in
792 4118 848 4182 lrao
864 4119 1009 4182 brevitate
1024 4140 1072 4181 me
1088 4117 1211 4202 quidem

124 4233 219 4290 tenue
250 4226 327 4291 illud
360 4228 598 4305 ἀναπαυσόμενος
621 4251 804 4313 magnopere
827 4228 963 4292 offendit.
999 4229 1059 4292 Fae
1082 4252 1144 4292 non
1167 4230 1211 4292 in·

123 4345 196 4437 epte
225 4340 344 4404 crimini
371 4341 476 4404 datum
499 4342 592 4406 fnisse
615 4341 817 4426 Cleophonti‚
842 4341 925 4426 quod
948 4341 1005 4404 sub
1028 4349 1149 4404 noctem
1172 4341 1210 4404 ad
