2850 5024
761 339 801 400 18

233 561 287 624 per
309 561 341 602 se
366 536 522 624 probabile
545 544 600 601 est.
647 535 707 601 sed
730 537 763 601 in
785 536 878 622 Lysia
901 561 987 603 secus
1012 541 1157 605 accidisse
1180 542 1338 621 videtur3‘

233 650 381 734 quasdam
404 671 475 712 sane
499 648 651 713 orationes
675 648 822 713 hahemus
846 672 882 713 ex
905 651 1046 735 optimis3
1071 653 1125 717 sed
1146 653 1262 718 multas
1285 677 1324 718 ex

232 761 286 838 iis,
304 783 380 845 quas
396 783 479 825 nunc
494 761 639 846 legimus,
657 769 843 846 permutatas
860 763 934 827 velis
951 786 1022 828 oum
1036 760 1225 843 melioribus,
1243 789 1323 851 quae

232 872 413 936 interierint.
454 871 500 936 Ut
530 870 640 956 Lysiae
671 871 863 957 eloquentiae
886 875 1040 958 specimen
1063 875 1189 959 aliquod
1211 888 1324 962 ¹propo·

231 992 300 1062 nat,
331 983 499 1068 Dionysius
530 982 636 1047 laudat
659 991 689 1048 et
713 985 824 1068 partim
847 984 992 1049 describit
1015 995 1075 1050 tres
1099 988 1252 1052 orationes
1277 989 1322 1071 (in

232 1094 447 1179 Diogitonem,
472 1093 681 1180 Olympicam,
706 1094 773 1176 Περὶ
797 1102 848 1161 τοῦ
871 1097 913 1173 μὴ
936 1103 1107 1163 καταλῦσαι
1129 1100 1181 1173 τὴν
1202 1099 1323 1180 πάτριον

232 1207 400 1284 πολιτείαν,
433 1229 458 1271 c.
484 1209 637 1292 al-ao).
675 1205 735 1271 Sed
758 1207 832 1284 hae,
857 1230 933 1293 quas
957 1217 1103 1292 tanquam
1127 1212 1323 1295 praestantis·

232 1319 324 1382 simas
348 1317 454 1396 affert,
478 1318 567 1383 nobis
590 1319 783 1383 interierunt.
818 1318 928 1403 Neque
944 1321 1041 1404 magis
1058 1327 1210 1399 servatae,
1227 1345 1320 1407 quas,

232 1436 268 1493 ut
289 1429 399 1515 Lysiae
423 1430 590 1494 orationem
608 1412 651 1494 ¹ab
675 1431 762 1495 Isaeo
786 1430 974 1516 distinguat,
999 1431 1036 1495 de
1065 1431 1152 1496 Isaeo
1184 1454 1209 1498 c.
1228 1436 1265 1512 6,
1284 1437 1320 1513 8,

234 1543 272 1604 10
298 1540 412 1605 laudat.
449 1542 643 1622 Athenaeus,
669 1566 761 1629 quem
783 1566 844 1607 non
870 1543 1027 1629 probabile
1044 1551 1090 1607 est
1105 1545 1251 1629 pessimas
1268 1568 1322 1631 po·

229 1653 382 1716 tissimum
412 1653 569 1730 laudasse,
601 1654 627 1717 si
658 1654 734 1718 bene
758 1654 932 1730 numeravi,
957 1653 1120 1718 duodecim
1143 1656 1318 1720 orationum

229 1764 393 1849 particulas
418 1763 522 1843 affert3
546 1765 627 1828 inter
649 1765 703 1828 has
725 1764 813 1828 nulla
836 1771 898 1841 est,
923 1765 1049 1848 quaein
1066 1767 1180 1830 uostris
1196 1788 1320 1852 quoque

230 1875 317 1942 MSS.
346 1877 528 1941 inveniatur.
553 1875 586 1940 si
609 1877 726 1962 sylloge
748 1885 853 1941 nostra
876 1877 1023 1962 optimam
1045 1900 1200 1963 quamque
1224 1879 1321 1943 conti-

230 1989 365 2065 nuisset,
390 1989 511 2073 saepius
535 1988 572 2053 ab
596 1988 820 2072 antiquioribus
844 1988 968 2052 laudata
982 1988 1108 2052 ‘luisset
1144 1988 1319 2054 identidem

230 2105 349 2162 nostras
366 2098 517 2163 orationes
532 2098 661 2163 laudant
676 2099 874 2184 grammatici,
892 2099 975 2163 velut
992 2098 1234 2185 Harpocration,
1252 2101 1320 2164 Sui-

231 2209 298 2288 das,
316 2209 462 2286 Photius‚
479 2208 591 2272 Pollux
605 2209 658 2273 alii
670 2200 706 2272 id
719 2232 816 2293 genus
829 2208 966 2293 (reliquis
978 2210 1074 2294 magis
1087 2216 1198 2274 notatu
1205 2210 1320 2296 dignus

230 2329 336 2386 auctor
358 2346 462 2399 raray.
486 2321 548 2398 λέξ.
564 2321 687 2402 χρησίμ.
713 2343 761 2406 ap.
784 2321 1028 2385 Bkk.·Anecdd.
1049 2344 1078 2406 p.
1101 2324 1177 2386 345.
1198 2325 1317 2408 15-21),

228 2455 296 2496 raro
312 2433 447 2497 rhetores
464 2432 665 2516 (Demetrius,
684 2432 758 2496 olim
773 2432 849 2498 falso
869 2431 1034 2497 Phalereus
1054 2432 1156 2497 dictus
1164 2482 1173 2511 ‚
1187 2456 1212 2498 o.
1229 2436 1318 2518 190).

109 2545 111 2549 ’
228 2543 276 2607 Ex
306 2544 394 2608 bonis
425 2544 600 2609 auctoribus
636 2567 717 2608 uuus
740 2543 925 2607 Plutarchus
948 2543 1117 2608 orationem
1140 2546 1209 2609 κατ’
1233 2544 1319 2624 'Epa-

227 2655 371 2728 rorle‘vooc
394 2656 565 2740 significare
589 2655 710 2720 videtur
732 2655 770 2720 de
794 2655 879 2719 Glor.
905 2656 1019 2720 Athen.
1044 2679 1073 2741 p.
1091 2658 1165 2720 350.
1192 2659 1237 2720 A:
1254 2669 1317 2723 Λυ-

227 2765 293 2840 olae
317 2767 398 2833 aava
419 2773 475 2831 τῶν
498 2765 661 2847 τριάκοντα.
697 2765 748 2830 Sic
770 2767 862 2829 etiam
886 2766 919 2829 iu
943 2767 1007 2830 vita
1029 2765 1103 2852 Lys.
1127 2790 1157 2853 p.
1184 2770 1258 2832 836.
1280 2768 1317 2832 Β.

228 2875 274 2940 Of.
300 2876 469 2941 Hoelscher
490 2878 524 2941 in
547 2877 735 2962 argumentis
759 2876 951 2960 singularum
974 2877 1158 2941 orationum.

272 2986 343 3067 Quo
367 2988 496 3054 oonsilio
519 3011 617 3072 quave
639 3009 746 3051 norma
770 3010 844 3051 usus
860 2988 900 3050 sit
916 2989 942 3050 is
959 2988 1013 3072 qui
1029 2997 1164 3052 nostram
1180 2988 1318 3074 syllogen
1410 3035 1413 3038 »

227 3100 317 3177 fecit,
346 3100 459 3164 frustra
483 3099 672 3178 divinamus3
696 3123 735 3163 ne
758 3100 817 3163 hoc
841 3097 965 3183 quidem
988 3099 1129 3163 affirmari
1153 3099 1242 3178 licet,
1268 3099 1319 3163 de·

227 3211 341 3275 lectum
371 3210 523 3295 quendam
545 3212 578 3277 in
602 3209 775 3296 colligendo
799 3210 904 3274 fuisse.
951 3209 1022 3274 Non
1047 3210 1154 3274 habita
1177 3217 1222 3274 est
1244 3217 1319 3274 tem-

226 3323 308 3408 poris
339 3322 435 3398 ratio;
465 3344 536 3386 nam
560 3344 638 3407 quae
661 3321 801 3385 omnium
825 3321 1126 3405 antiquissimam,
1151 3344 1206 3405 pro
1229 3320 1318 3407 Poly·

226 3441 340 3513 stmto,
357 3432 500 3496 vicesima
520 3439 708 3496 numeratur.
744 3430 853 3515 Neque
869 3439 1125 3516 argumentorum.
1158 3430 1251 3511 Quod
1267 3455 1318 3518 ap·

226 3544 359 3631 parebit,
381 3546 408 3608 si
431 3567 498 3622 eas,
516 3567 594 3629 quae
610 3544 764 3628 quandam
779 3545 922 3608 materiae
939 3543 1174 3607 similitudinem
1189 3544 1270 3607 inter
1283 3566 1317 3607 se

225 3657 353 3734 habent,
380 3655 437 3719 sub
460 3677 558 3720 unum
581 3663 778 3740 conspectum
801 3655 1001 3740 posuerimus.
1107 3725 1110 3731 ,

287 3879 348 3944 ΙΠ.
373 3879 412 3944 In
436 3877 599 3944 Simonem.

290 3989 347 4054 IV.
372 3992 420 4055 De
445 3990 568 4054 vulnere
586 3986 814 4074 praemeditato.

305 4103 345 4168 V.
369 4103 430 4166 Pro
455 4101 564 4167 Callia.
774 4185 778 4194 ι

289 4213 344 4278 VI.
369 4213 409 4279 In
432 4212 632 4278 Andocidem.
792 4116 887 4409 με
910 4233 1021 4274 sacrae.

267 4324 341 4390 VII.
367 4325 414 4391 De
436 4333 545 4390 trunco
565 4325 648 4388 oleae
664 4344 774 4386 sacrae.

832 3881 848 4075 }
858 3921 926 4000 Περὶ
938 3920 1106 4000 τραύματος
1118 3921 1150 3986 ἐκ
1161 3921 1301 4002 προνοίαις.
