2850 5024
810 354 851 414 32

290 556 336 618 De
359 554 407 616 his
430 552 571 617 omnibus
595 561 739 636 pernegat
752 574 847 628 rens,
865 574 920 615 nec
937 551 975 615 ad
998 574 1106 615 causae
1122 575 1272 616 summam
1289 553 1377 636 qnid-

290 689 381 751 quam
413 666 579 749 pertinent,
612 665 671 728 nisi
702 672 830 727 mortem
861 663 919 727 sibi
951 665 988 729 ab
1020 665 1190 728 adversario
1213 666 1307 730 fuisse
1330 667 1377 728 in-

289 786 435 840 tentatam
460 775 585 839 dixisset
608 774 691 838 Simo
716 777 742 860 (S
767 778 806 838 28
832 778 965 850 ἠπείλουν
989 779 1068 857 αὐτῷ
1093 777 1149 853 ἐγὼ
1173 779 1375 862 ἀποκτενεῖν),

289 898 325 951 nt
355 911 393 952 ne
422 887 551 972 pecunia
581 886 618 950 ab
650 887 715 972 ipso
747 895 870 970 erogata
897 886 1052 951 reddenda
1075 896 1153 951 esset
1176 888 1208 974 (S
1231 891 1289 951 25:
1314 893 1378 960 πῶς

287 1001 360 1070 εἰκὸς
379 1037 424 1046 -·-
447 1000 526 1076 ἡροοῖς
557 1003 681 1062 τοιαῦτα
709 996 920 1077 ἐξαμαρτάνειν
942 1038 987 1048 -
1009 1001 1206 1077 ἀποστερῆσαι
1234 999 1377 1077 βουλομέ-

286 1134 347 1181 νους
370 1109 425 1181 τας
448 1110 613 1188 τριακοσίας
632 1109 794 1192 δραχμάς).
835 1108 928 1173 Mitto
944 1131 1026 1173 nuuc
1043 1131 1201 1192 quaerere,
1220 1109 1375 1192 quomodo

287 1221 508 1285 accusationem
525 1219 686 1305 detorserit
704 1221 788 1303 (uam
804 1220 970 1284 admodum
985 1221 1089 1284 fatuus
1106 1227 1263 1284 accusator
1279 1220 1375 1298 foret,

286 1333 340 1416 qui
363 1332 436 1395 talia
458 1330 653 1416 obiectaret),
683 1331 735 1394 sed
759 1332 891 1416 primurn
916 1339 1036 1395 constat
1059 1332 1264 1396 defensionem
1290 1334 1306 1417 p
1329 1335 1373 1394 25

286 1444 344 1507 hoe
374 1443 572 1506 fundamento
604 1443 677 1521 niti,
709 1451 774 1506 tum
808 1467 844 1517 ex
874 1443 1074 1528 ambiguitate
1098 1444 1219 1529 quade
1244 1466 1294 1521 eo,
1320 1445 1376 1527 qui

288 1556 447 1640 pecuniam
472 1556 634 1640 acceperit,
661 1578 695 1618 eo
719 1556 786 1619 loco
810 1556 902 1633 dicit,
927 1555 1126 1641 probabiliter
1149 1555 1265 1619 efficere
1285 1555 1375 1619 nobis

288 1665 443 1744 videmur,
479 1667 578 1750 ipsum
612 1688 704 1735 reum¹
723 1666 881 1750 pecuniam
913 1668 1078 1751 accepisse,
1111 1668 1237 1752 proinde
1261 1667 1375 1730 iniuria

288 1777 509 1841 adolescentem
533 1777 740 1841 Plataeeusem
765 1777 842 1853 dici,
871 1776 965 1840 fnisse
990 1800 1120 1841 servum.
1168 1777 1275 1841 Posset
1299 1800 1374 1840 sane

235 1892 238 1897 ’
288 1888 414 1972 pluralis
443 1889 465 1952 l.
496 1888 516 1951 l.
551 1889 588 1952 dc
619 1888 778 1952 Theodoto
810 1901 840 1951 et
871 1910 922 1951 reo
955 1888 1094 1973 intellegi
1117 1889 1167 1972 (cl.
1192 1892 1209 1975 p
1232 1891 1293 1965 46,
1319 1888 1377 1952 nbi

287 1997 359 2065 οὖτοι
390 2001 414 2064 οἱ
445 1999 499 2082 βία
530 2000 563 2064 ἐκ
592 2009 644 2075 τῆς
675 2000 735 2065 ὁδοῦ
760 2024 787 2064 κ.
811 2025 840 2064 τ.
864 2001 886 2065 ἓ.
911 2001 1064 2084 pertinent
1088 1999 1126 2063 ad
1149 1978 1374 2083 Theodotum),

286 2111 339 2174 sed
363 2118 503 2195 apparet,
527 2132 624 2195 quum
647 2133 715 2189 reo,
740 2134 802 2174 non
825 2110 983 2175 Theodoto
1008 2112 1065 2177 hoc
1088 2113 1200 2176 crimen
1217 2135 1234 2174 a
1250 2110 1376 2174 Simone

285 2214 442 2286 obiectum
462 2222 518 2299 sit,
543 2221 698 2285 Simonem
722 2222 915 2286 contendisse
940 2223 977 2286 ab
1002 2245 1036 2286 eo
1060 2232 1223 2308 acceptam.

329 2336 406 2418 «ξένε
433 2329 526 2403 Οὗτος
557 2332 585 2395 δὲ
608 2332 762 2409 βέλτιστος
865 2329 942 2405 ὅστις
965 2334 1154 2413 κοσμιώτατα
1176 2334 1231 2404 τοις
1254 2338 1374 2414 συμφο-

284 2445 335 2525 ρας
359 2445 453 2524 φέρειν
477 2443 606 2508 δύναται.
653 2442 759 2522 Quum
792 2445 874 2508 dicat
903 2444 1086 2529 cupiditates
1111 2445 1252 2509 omnibus
1275 2445 1375 2508 homi-

286 2556 377 2619 nibus
407 2577 581 2618 communes
606 2577 687 2632 esse,
713 2556 801 2619 illum
824 2565 926 2620 autem
949 2558 1116 2641 optimum,
1142 2557 1195 2642 qui
1217 2559 1273 2629 τοὶς
1297 2583 1374 2634 συρι-

286 2667 377 2748 Φοροίς
400 2666 622 2729 modestissime
645 2665 739 2744 ferat,
765 2678 890 2752 apparet
913 2690 948 2732 eo
964 2668 1111 2732 vocabulo
1127 2691 1190 2732 non
1207 2669 1375 2752 significari

285 2778 471 2842 calamitates
503 2778 689 2841 extrinsecus
712 2778 814 2842 illatas
838 2779 890 2842 sed
916 2779 1087 2863 voluptates
1112 2781 1212 2842 animo
1236 2778 1372 2843 humano

284 2890 475 2953 inhaerentes
499 2897 528 2952 et
552 2890 744 2954 incommoda
767 2914 845 2976 quae
868 2891 940 2954 hinc
963 2898 1137 2955 nascantur.
1186 2890 1288 2954 Habet
1311 2890 1372 2954 hoc

285 3003 385 3066 nescio
416 3024 508 3085 quem
538 3002 669 3066 colorem
700 3003 926 3088 philosophum.
974 3002 1119 3066 Similiter
1154 3003 1234 3087 apud
1268 3001 1371 3065 Xeno·

284 3112 430 3197 phontem
470 3112 531 3176 GP.
566 3111 621 3176 VI.
656 3116 684 3176 l.
716 3116 756 3178 37
795 3116 926 3199 Araspas
958 3113 1100 3177 illicitum
1132 3135 1285 3190 amorem,
1317 3113 1369 3175 cni

284 3222 455 3286 indulserat
478 3223 651 3307 significans
674 3226 712 3295 ὡς
735 3223 812 3304 γαρ,
837 3225 957 3308 inquit,
981 3226 994 3289 ὂ
1017 3227 1093 3305 θροῦς
1113 3226 1207 3299 διῆλθε
1226 3233 1278 3297 τῆς
1295 3225 1370 3300 ε’,αῆς

284 3338 448 3414 συμφορᾶς.
496 3332 614 3398 Andoo.
647 3337 677 3397 2.
712 3336 746 3398 7;
778 3334 895 3410 τοιαύτη
924 3337 1063 3417 σναφοροὶ
1098 3340 1153 3399 τῶν
1182 3341 1290 3416 φρονῶν
1322 3343 1371 3398 est

284 3446 394 3509 mentis
418 3446 587 3509 occaecatio
608 3446 670 3510 sive
691 3468 781 3509 error.
817 3445 901 3509 Infra
925 3449 984 3509 39:
1009 3447 1216 3525 αἰσχυνόμενος
1236 3445 1282 3519 δέ,
1301 3444 1370 3526 ὅπερ

285 3558 335 3632 ἤδη
360 3558 408 3621 καὶ
431 3558 562 3638 πρότερον
585 3553 681 3632 εἶτον,
706 3568 743 3640 τῇ
766 3566 915 3641 συμφορᾷ.

329 3671 345 3754 S
370 3672 398 3733 7.
447 3672 491 3735 Οὐ
515 3669 644 3749 πρότερον
668 3669 801 3744 ἠθέλησεν
825 3669 980 3742 οὶτελθεῖν,
1004 3667 1067 3748 πρὶν
1092 3669 1195 3740 αὐτόν,
1217 3667 1370 3744 ἡγούμενοι

283 3780 361 3845 δεινοὶ
391 3789 479 3845 ποιεῖν
511 3783 533 3846 οἱ
565 3781 794 3860 παραγενόμενοι
825 3780 874 3843 καὶ
898 3781 921 3844 οἱ
945 3779 1013 3857 μετ’
1038 3783 1126 3844 αὐτοῦ
1150 3779 1297 3855 ἐλθόντες,
1321 3781 1370 3844 ε’τὶ

285 3891 394 3964 παῖδας
425 3891 509 3973 κόρας
541 3893 588 3957 καὶ
621 3892 749 3975 ὀρφανὰς
782 3892 921 3967 εἰσιόντα,
949 3891 1098 3968 ἐξήλασαν
1124 3894 1187 3974 βίον.
1234 3892 1373 3956 Theodo-

274 3998 350 4065 ‘tum
381 4004 528 4068 amasium
559 4012 623 4067 tam
646 4026 664 4066 a
686 4003 807 4066 Simone
839 4025 930 4086 quam
961 4026 1016 4081 eo,
1049 4004 1103 4087 qui
1134 4027 1256 4068 causam
1278 4004 1370 4081 dicit,

283 4114 451 4196 expetitum
480 4137 627 4198 quaerens
655 4113 737 4178 Simo
768 4114 801 4177 in
831 4113 955 4178 domurn
986 4115 1112 4177 oratoris
1136 4115 1304 4199 irruperat3
1329 4115 1372 4178 ef—

282 4224 385 4288 fractis
420 4225 537 4290 foribus
572 4226 663 4289 etiam
698 4227 728 4289 in
764 4214 927 4289 mulierum
961 4225 1103 4288 conclave
1138 4235 1368 4309 penetraverat,

283 4336 365 4400 uude
397 4345 499 4401 tamen
531 4337 560 4401 vi
591 4337 703 4400 eiectus
735 4344 797 4414 est3
829 4336 881 4400 sed
910 4336 1066 4420 quaeritur
1094 4359 1111 4398 a
1142 4338 1263 4421 quibus,
1311 4337 1371 4400 Mi·
