2850 5024
692 408 734 470 36

168 610 263 675 αὐτῶν
286 609 324 672 ιιι
348 615 447 674 rubra
471 609 528 672 erit
542 607 750 686 referendum,
767 607 787 672 i.
808 631 834 672 e.
852 607 890 671 ad
906 629 1034 692 eaquae
1050 605 1256 689 vulgofiunt‚

167 745 245 806 quae
277 720 447 806 probabilia
478 727 559 784 sunt.
607 718 687 782 Nam
712 720 736 782 si
760 720 907 783 voluisset
930 725 1032 782 orator
1054 717 1133 781 banc
1156 717 1257 780 inesse

167 835 366 897 seutentiam:
391 833 466 912 „sed
491 834 579 898 aliter
601 837 634 895 ν’νι
657 836 713 896 tac
737 855 771 896 re
793 839 896 896 aetum
920 831 1002 909 est,”
1026 830 1167 906 dixisset,
1192 828 1257 912 opi-

103 997 107 1006 .
166 967 238 1024 nor,
270 945 332 1025 περὶ
357 945 509 1022 radron
527 954 556 1009 et
580 945 627 1008 vel
651 945 693 1007 sic
717 951 818 1007 tamen
842 943 980 1023 πράττειν
1004 945 1068 1022 περι
1089 965 1163 1011 τινος
1186 960 1257 1003 raro

167 1056 332 1120 admodum
363 1057 420 1120 hac
451 1058 604 1122 sententia
634 1056 750 1120 dictum
784 1054 876 1139 (Xen.
908 1055 967 1117 An.
1002 1057 1030 1117 l.
1057 1055 1086 1117 6.
1113 1055 1146 1114 6:
1170 1056 1257 1116 τοῦτο

165 1165 264 1248 πράξω
296 1167 356 1248 περὶ
385 1167 537 1248 Ὀρόντου,
571 1167 669 1231 Τιιιιο.
694 1166 749 1230 VI.
777 1168 828 1230 88.
856 1169 913 1229 10:
946 1169 963 1241 ἡ
987 1163 1050 1244 περὶ
1073 1169 1257 1228 Macrinam

166 1277 282 1362 πρᾶξις)
307 1279 455 1344 hocloco
479 1288 559 1344 certe
584 1279 748 1343 admodum
773 1278 937 1342 obscurum
963 1282 1050 1339 esset.
1097 1273 1258 1369 Sententia

165 1389 326 1453 manifesto
357 1397 418 1453 est:
447 1413 531 1468 „nou
555 1399 655 1455 tamen
682 1391 755 1453 baec
778 1389 897 1453 ratione
920 1394 1041 1459 tantum
1066 1385 1255 1472 probantur,

165 1499 267 1577 „lamo
297 1509 351 1564 ιιιι
352 1525 399 1566 em
423 1503 691 1587 redarguuntur?
715 1502 763 1566 vel
786 1523 871 1578 „non
897 1508 998 1564 tamen
1022 1522 1069 1563 res
1091 1496 1256 1583 probabili·

166 1620 252 1690 „aett
275 1619 467 1678 tautumt
419 1615 478 1678 niti
468 1627 548 1691 ιιιιι,
573 1615 695 1678 sedt
650 1620 695 1677 est
717 1614 749 1677 in
773 1613 853 1676 ftaco
877 1611 985 1697 posita.
988 1609 1165 1689 Quod
1141 1632 1167 1672 si
1182 1608 1256 1692 ποορ

168 1724 262 1788 νοννῶν
292 1724 354 1788 dici
384 1734 437 1810 pot
440 1726 534 1789 uisset
557 1748 612 1810 pro
637 1725 686 1790 ὑνι)
710 1728 819 1803 αὐτῶν,
844 1745 905 1807 quo
928 1722 1019 1786 modo
1042 1720 1186 1785 Reiskius
1211 1719 1256 1782 lo·

167 1855 237 1896 cum
266 1834 484 1920 interpretatus
516 1845 562 1900 est
594 1839 624 1919 (a
654 1835 776 1900 Simone
807 1835 934 1918 eiusque
957 1832 1142 1916 sodalibus),
1167 1830 1257 1895 nulla

167 1953 245 2009 esset
276 1946 448 2011 difficultas.
495 1947 553 2012 Sed
586 1948 629 2011 ita
660 1955 781 2011 constat
813 1945 894 2021 πορνι
924 1951 1047 2009 tantum
1070 1950 1140 2028 post
1163 1941 1256 2006 verba

165 2060 260 2122 doadi
282 2065 311 2121 et
334 2061 455 2123 dicendi
476 2058 513 2123 ab
537 2059 648 2123 Atticis
671 2058 833 2142 usurpari,
859 2079 919 2140 quo
944 2057 1035 2121 etiam
1058 2053 1255 2119 referendum

168 2170 197 2231 9.
224 2171 263 2231 20
290 2169 359 2249 παρ’
383 2171 460 2248 ὑμῶν
483 2176 533 2234 τοῦ
557 2170 663 2235 branton
685 2169 843 2252 στερηθείς,
866 2169 918 2233 ubi
942 2168 1068 2232 verbum
1085 2169 1254 2244 οιιινιιονιιιι,

166 2287 273 2363 utpote
289 2281 455 2345 contrariae
473 2281 720 2366 significationis,
734 2281 874 2345 similiter
885 2279 1075 2344 construitur
1083 2305 1093 2356 3
1105 2279 1136 2341 in
1151 2276 1255 2340 Plato-

165 2390 213 2454 nis
233 2389 340 2475 Symp
364 2393 425 2456 175
450 2392 476 2454 E
500 2389 582 2470 οἶμιι
605 2417 644 2470 με
669 2394 750 2472 rapa
772 2398 823 2456 σοῦ
840 2397 951 2463 πολλῆς
968 2390 1016 2455 nal
1033 2398 1127 2465 καλῆς
1143 2389 1254 2471 σοφίας

165 2503 414 2581 πληρωθήσεσθαι,
444 2525 505 2566 uon
529 2510 683 2568 auctorem
708 2503 859 2587 signifieat
882 2503 982 2582 ποορνι,
1007 2500 1061 2565 sed
1085 2499 1253 2584 originem3

165 2612 287 2696 Agatho
317 2614 495 2697 sapientiam
527 2636 544 2676 a
576 2614 716 2692 Socrate,
741 2615 825 2677 iuxta
848 2636 940 2698 quem
962 2611 1133 2688 accumbit,
1158 2611 1197 2674 ad
1221 2625 1254 2676 se

163 2725 358 2787 transituram
375 2724 467 2802 dicit,
481 2725 737 2809 quemadmodum
750 2726 782 2789 iu
800 2724 917 2809 poculis
929 2725 1015 2787 iuxta
1028 2724 1137 2807 positis
1149 2722 1255 2806 liquor

163 2857 217 2919 per
246 2835 346 2899 lanam
377 2843 485 2920 sponte
516 2860 553 2901 ex
581 2860 644 2901 uno
667 2838 700 2900 in
725 2837 767 2900 alt
754 2843 853 2901 terum
876 2835 1004 2912 influat,
1028 2844 1064 2899 ut
1088 2858 1105 2898 a
1128 2833 1254 2898 Socrate

162 2949 308 3028 tauquam
337 2970 354 3010 a
383 2947 467 3011 fonte
498 2949 617 3033 sapient
620 2949 649 3011 ia
680 2956 858 3013 emanatura
882 2946 930 3009 sit.
908 2945 1050 3009 ιΕι’
1006 2952 1074 3008 tm
1097 2945 1189 3031 prl.
1215 2945 1250 3025 I,

162 3078 192 3140 p.
223 3059 286 3119 332
311 3057 373 3122 Bt
360 3059 521 3141 ὀφείλεται
535 3084 616 3140 πονοι
640 3066 689 3124 τοῦ
718 3061 818 3140 ἐχθροῦ
845 3060 886 3139 τῷ
909 3059 999 3138 ἐχθρῷ
1024 3056 1111 3121 nanda
1136 3056 1252 3142 signifi-

163 3173 249 3230 catur
271 3168 297 3231 is
322 3192 339 3231 ι
362 3191 423 3252 quo
449 3169 482 3254 (a
505 3170 592 3261 cuius
616 3172 712 3254 parte)
733 3170 880 3233 damnum
901 3168 1050 3253 proficisci
1067 3175 1159 3251 atque
1175 3169 1249 3232 oriri

163 3275 281 3341 debeat.
328 3277 455 3343 Nullam
488 3280 580 3344 talem
608 3281 887 3366 interpretationem
916 3279 965 3342 hic
988 3278 1075 3342 locus
1100 3278 1247 3344 admittit.

161 3387 283 3452 Feriam
314 3392 355 3455 rol
386 3390 455 3470 παρ’
484 3394 594 3456 abacia:
630 3393 706 3470 „sed
742 3393 828 3456 aliter
855 3414 932 3476 quae
955 3390 1251 3481 isti'commiserunt

160 3497 240 3562 facta
269 3501 381 3578 suut,”
408 3502 517 3567 melius
541 3512 643 3568 tamen
666 3504 721 3568 illa
744 3503 834 3568 verba
857 3503 996 3567 aberunt.
1043 3500 1119 3563 Post
1149 3501 1250 3566 εἰκότι

162 3611 309 3676 excidisse
332 3613 385 3690 μέν
410 3613 544 3700 Sauppio
568 3617 733 3694 assentior3
758 3627 830 3681 uam'
852 3616 883 3678 in
907 3614 963 3678 hac
987 3612 1138 3676 artissima
1164 3611 1250 3676 iuno-

163 3728 248 3801 tura,
281 3746 342 3808 qua
372 3727 403 3790 οὐ
435 3725 473 3789 ad
497 3726 626 3790 alterum
651 3727 819 3791 membrum
846 3725 992 3802 refertur,
1020 3724 1074 3801 μέν
1097 3745 1159 3786 non
1182 3731 1251 3807 pot·

161 3841 207 3897 est
230 3835 341 3899 omitti.

204 3947 296 4029 §dl
332 3943 406 4011 dore
429 3943 513 4012 δεννόν
537 3948 561 4012 εἰ
584 3947 647 4028 περὶ
670 3946 776 4013 τούτων
800 3948 857 4024 ἐγὼ
881 3945 951 4022 δόξω
970 3945 1165 4028 προνοηθῆναι,
1182 3945 1247 4025 περὶ

161 4051 198 4121 ὧν
234 4053 308 4122 οὗτοι
338 4059 536 4139 τυγχάνουσιν
567 4057 638 4124 οὕτω
670 4059 746 4124 δεινοὶ
777 4059 825 4123 aa>
857 4057 1016 4137 caprinoue
1039 4057 1247 4133 πεποιηκότες,

161 4165 273 4231 Aliena
303 4191 412 4232 manus
443 4169 561 4233 infersit
591 4171 653 4250 περὶ
685 4171 801 4235 τούτων.
848 4169 930 4233 Nam
961 4167 1023 4247 περὶ
1055 4165 1091 4233 ὧν
1115 4176 1161 4233 est
1184 4169 1247 4248 περὶ

161 4278 288 4363 ἐκείνων,
312 4276 560 4360 ἓο-τογχοινοοσι
584 4282 780 4355 πεπονηκότες.
827 4287 919 4346 Πονεῖν
943 4280 1007 4358 περί
1027 4304 1100 4352 τινος
1124 4280 1173 4344 hic
1194 4281 1248 4344 mi·

147 4388 244 4453 ‘nime
268 4399 384 4476 aptum.
420 4391 562 4456 Proxima
585 4414 707 4477 quoque
731 4394 864 4457 sectione
888 4393 955 4476 (38)
971 4390 1081 4456 inutile
1098 4390 1247 4456 emblema
