2850 5024
679 429 743 489 229

164 634 210 688 est
232 627 264 688 in
288 625 342 687 tali
365 647 397 687 re
420 624 621 689 πολλοστὸν
645 624 728 702 μέρος
751 630 880 701 Φοινήνοιι
904 624 945 686 τὸι
968 623 1116 702 χρήμοοτοι
1139 631 1191 695 τής
1216 623 1258 685 δό-

163 735 213 810 ξης
237 743 273 799 ut
299 738 349 798 19.
375 738 416 797 39
441 734 601 798 πολλοστὸν
624 732 707 811 μέρος
732 728 764 806 ήν
788 734 829 796 τὸν
851 733 981 810 χρήμοιό
1004 727 1040 794 ὦν
1061 733 1143 809 ὑμεῖς
1161 756 1257 808 προςε-

162 847 275 911 ὸοκόοτε.
310 845 358 909 Ib.
388 848 430 908 34
454 847 501 909 διοὸ
523 846 602 908 τοῦτ’
629 843 735 918 ήξιοῦτ’
759 842 794 906 όον
818 881 862 890 -
885 843 951 912 τοὺς
972 844 1162 922 προςήκοντοος
1180 845 1254 907 οὶπο-

161 959 263 1039 λέσοοι,
288 953 330 1019 ότι
353 956 414 1019 οὐδὲ
441 954 600 1018 πολλοστὸν
624 952 706 1030 μέρος
730 962 783 1026 τής
802 951 885 1027 δόξης
905 959 958 1024 τής
978 955 1048 1032 ποορ’
1070 953 1137 1029 ὑμῖν
1156 952 1251 1034 έΦήνη

161 1069 201 1131 τοὸ
220 1068 376 1146 χρήμοοσοο.
402 1066 448 1129 Ib.
467 1069 520 1128 42.
544 1064 704 1129 πολλοστὸν
728 1064 810 1143 μέρος
830 1064 872 1128 τοὸ
891 1065 1066 1145 Νικοφήμου
1086 1069 1142 1126 τῶν
1162 1064 1250 1127 Κόνω-

159 1199 203 1246 νος
230 1175 392 1255 χρημοὸτιον
418 1177 490 1257 ᾠήόη
514 1173 550 1239 όιν
574 1172 655 1238 etun.
703 1174 749 1237 Of.
775 1175 865 1236 etiam
893 1176 943 1236 l4.
970 1175 1010 1234 29
1037 1180 1067 1235 et
1090 1175 1143 1234 46.
1192 1171 1251 1234 Hic

161 1309 282 1369 quoque
302 1296 408 1370 aptum
429 1285 588 1349 1111111111
609 1285 769 1348 πολλοστὸν
789 1283 872 1360 μέρος
888 1283 1047 1361 Φοόνεποοι,
1066 1281 1148 1345 unde
1164 1283 1252 1345 omis-

160 1397 200 1457 sis
233 1396 350 1479 aliquot
379 1395 489 1459 litteris
521 1394 593 1478 (οὐὸὸ
624 1409 747 1459 πολ...
780 1393 934 1476 φοιίνετοιι)
963 1392 1092 1455 existere.
1116 1392 1252 1475 potuisse

160 1505 332 1589 vulgatam,
353 1527 442 1568 nemo
467 1504 602 1588 negabit.
649 1503 682 1566 Si
711 1503 788 1566 nihil
812 1502 911 1565 voluit
934 1502 994 1564 nisi
1017 1501 1095 1564 nihil
1120 1523 1251 1585 usquam

159 1636 317 1699 apparere,
343 1616 514 1699 scripsisset
537 1615 612 1679 οὐδὲν
636 1615 761 1690 ortuum
785 1615 935 1695 φοοόνετοιι.

201 1727 218 1808 t
241 1729 270 1788 3.
306 1730 336 1791 οὐ
355 1733 411 1791 τῶν
429 1729 483 1804 μὲν
501 1728 641 1806 ὑμετέρων
659 1728 793 1800 πωληπήν
815 1724 967 1807 (Dobreus
992 1729 1080 1786 acute
1096 1744 1151 1806 pro
1168 1736 1248 1787 πολι-

158 1838 224 1919 τῶν)
240 1837 342 1923 ,κύτὸν
373 1835 524 1918 ἑξήχοοχε,
556 1845 611 1901 τῶν
640 1833 662 1898 δ’
684 1839 773 1900 οοὺτοΐι
796 1835 958 1914 χρημάτων
981 1833 1094 1909 ποιμέσιν
1117 1833 1250 1910 dusinus,

157 1945 289 2021 „Senum
314 1969 383 2010 eum
407 1947 536 2011 abduxit
559 1948 591 2010 in
615 1945 859 2031 expeditionem,
881 1944 981 2028 speeie
1005 1944 1130 2027 quidem
1150 1953 1186 2008 ut
1204 1968 1251 2008 ve-

157 2063 243 2131 „stra
273 2057 428 2140 (praedam
459 2068 535 2141 puta
567 2064 620 2120 aut
655 2057 735 2120 bona
758 2055 916 2140 publicata
937 2057 970 2118 in
995 2055 1084 2118 sooiis
1110 2054 1249 2139 urbibus)

158 2167 342 2245 „venderet,
372 2191 404 2231 re
432 2191 503 2231 vera
534 2177 634 2231 autem
666 2176 700 2230 ut
730 2189 800 2230 suas
830 2165 1018 2250 (Polystrati)
1047 2188 1095 2229 res
1123 2166 1250 2230 admini-

158 2276 322 2352 „straret”
379 2277 429 2340 111
459 2278 485 2339 si
518 2277 608 2340 verba
639 2277 829 2360 explicentur
860 2274 1047 2338 dubitationi
1078 2272 1249 2338 occurritur

157 2385 254 2462 Beki,
289 2386 391 2449 Sehol.
414 2386 495 2470 Hyp.
513 2385 556 2449 Il.
574 2409 603 2470 p.
623 2389 704 2463 211,
730 2385 933 2449 existimantis
956 2406 1066 2447 nomen
1090 2385 1248 2468 magistra·
1295 2371 1300 2376 ¹

157 2502 208 2557 tus
233 2496 393 2577 (πολητής)
419 2518 480 2558 non
506 2497 569 2579 poti
593 2496 779 2579 genitivum,
810 2495 891 2578 quod
912 2494 1036 2558 Poletae
1062 2494 1095 2557 bi
1118 2495 1155 2558 ab
1180 2494 1247 2559 aliis

157 2604 293 2668 eiusdem
316 2606 448 2669 nominis
480 2628 542 2669 non
571 2606 634 2670 sint
665 2606 886 2690 distinguendi.
923 2608 966 2668 At
997 2606 1149 2689 oppositio
1173 2607 1247 2669 satis

155 2715 243 2777 illum
267 2716 436 2799 genitivum
457 2715 603 2779 defendit.
632 2716 773 2780 Dobreus
790 2738 875 2780 suam
893 2716 1136 2780 emendationem
1153 2730 1248 2789 πιολη-

154 2828 206 2901 τήν
230 2827 398 2903 revocavit,
423 2848 527 2889 verum
552 2849 616 2890 esse
639 2827 779 2890 iudicans
803 2829 965 2905 ποριστήν.,
995 2826 1027 2889 Si
1042 2827 1197 2903 Poristae,
1211 2833 1247 2889 111

156 2935 247 3019 vulgo
271 2942 401 3018 putant,
427 2943 500 2999 sunt
523 2937 738 3021 magistratuS,
764 2937 818 3020 qui
840 2959 920 3000 nova
942 2938 1105 3000 inveniunt
1130 2937 1247 3001 tributa

154 3044 263 3126 (Bekk.
284 3044 421 3108 Aneodd.
447 3069 476 3128 p.
495 3049 570 3109 294.
592 3049 649 3109 191
674 3047 809 3127 ποριστοοό
831 3048 899 3111 εἰσιν
922 3047 1002 3126 οὸρχή
1019 3071 1063 3118 τις
1076 3048 1243 3121 Ἀόήνησιν,

154 3154 214 3228 ήτις
245 3155 345 3234 πόρους
370 3154 492 3237 ἐζήτει),
517 3157 594 3219 mira
616 3157 760 3220 iunctura
784 3164 829 3221 est
851 3162 907 3221 τῶν
930 3156 1072 3235 ὑμετέρων
1095 3180 1129 3219 π.
1177 3154 1243 3219 Neo

153 3265 314 3328 offensioni
337 3272 397 3342 est,
423 3264 505 3349 quod
530 3265 602 3330 alibi
626 3265 764 3330 Poletam
789 3268 821 3334 in
845 3267 961 3331 bellum
984 3267 1163 3330 comitatum
1179 3288 1244 3330 esse

154 3374 246 3437 duoes
269 3396 333 3437 non
355 3374 495 3458 legimus.

197 3487 214 3568 p
237 3488 267 3547 4.
314 3485 406 3549 κοοίτοι
426 3485 510 3549 δεινὸν
536 3488 560 3549 εἰ
583 3487 608 3549 οἱ
631 3487 684 3563 μὲν
707 3486 763 3558 τοὶς
783 3487 881 3557 οὐσόοις
902 3487 1020 3566 ἔχοντες
1040 3490 1245 3567 όλοφνροῦντοιι

152 3601 403 3675 τριηροιρχοῦντες,
435 3593 515 3666 οὗτος
546 3595 660 3661 ὸόιίὸέν
683 3597 815 3677 πρότερον
840 3597 1012 3674 κεκτημένος
1036 3600 1065 3660 έν
1089 3597 1182 3677 έκεόνῳ
1203 3600 1244 3678 τῷ

152 3703 243 3784 χρόνῳ
270 3705 416 3780 ἐθελοντής
447 3705 557 3780 ὑπέστη
589 3708 701 3782 ποιότην
723 3709 775 3781 τήν
797 3708 990 3788 λειτονρχόοιν.
1037 3707 1121 3772 Haec
1144 3709 1245 3793 negle-

152 3822 258 3897 genter
285 3815 455 3877 enunciata.
503 3814 661 3879 Sententia
684 3817 758 3880 haee
783 3817 965 3900 requiritur:
995 3817 1173 3901 indignum,
1198 3820 1242 3896 si,

153 3945 248 4008 quum
280 3922 390 3988 divites
421 3926 487 3988 iure
518 3934 684 4009 graventur
713 3927 889 4012 liturgiam,
914 3928 961 3992 illi
984 3951 1161 3992 conoessum
1185 3930 1241 4006 sit,

152 4042 188 4098 ut
211 4041 357 4118 tanquam
373 4036 600 4101 immunitatem
617 4045 725 4121 sponte
742 4040 919 4122 susciperet.
945 4038 1018 4102 Non
1035 4038 1118 4122 quod
1134 4048 1242 4122 sponte

152 4145 339 4228 suscipiebat
362 4168 415 4229 per
438 4170 468 4209 se
492 4147 655 4231 indignum
675 4156 757 4224 erat,
781 4148 834 4212 sed
859 4148 942 4231 quod
966 4150 1009 4212 sie
1029 4155 1129 4232 potuit
1150 4150 1243 4213 susei-

152 4278 240 4338 pere,
265 4256 348 4339 quod
372 4280 439 4340 spes
463 4258 491 4320 ei
515 4258 586 4320 data
609 4266 656 4322 est
677 4258 766 4323 lueri.
803 4260 898 4322 Porro
921 4260 1013 4324 verba
1036 4262 1066 4324 ἐν
1089 4261 1184 4340 ἐκείνῳ
1202 4263 1243 4340 τῷ

152 4365 245 4446 χρόνῳ
275 4388 329 4430 our
360 4367 513 4432 addantur
543 4356 615 4432 nou
632 4370 722 4434 nimis
746 4371 941 4456 perspicuum
964 4378 1019 4434 est.
1066 4370 1138 4435 Non
1162 4371 1244 4435 enim
