2850 5024
625 413 686 472 195

105 613 198 681 „tura
229 607 291 668 sint
315 605 478 689 stipendia.
525 605 662 669 Istarum
685 614 789 671 autem
812 610 1004 693 rapinarum]
1030 611 1136 674 odium
1159 610 1196 673 ad

105 736 182 791 „vos
205 715 303 792 redit,
327 715 449 779 lucrum
472 716 511 778 ad
534 716 641 779 istos.’'
687 716 756 780 Hoc
778 718 911 781 voluisse
927 720 1031 803 potius
1048 727 1199 782 oratorem

105 831 199 908 puto:
235 824 436 888 nihilomiuus
466 827 536 908 (etsi
567 847 620 888 vos
643 827 913 910 condemnavistis)
935 850 1018 891 nunc
1041 835 1129 892 tanta
1154 835 1201 892 est

106 933 331 1016 stipendiorum
354 935 466 1015 (μισθοῦ
490 936 731 1007 ἕκκλνσοαστιωῦ
756 936 951 1018 potissimum
975 944 1006 1001 et
1022 939 1199 1021 δοκαστνκοῦ)

107 1043 252 1124 penuria,
275 1049 313 1106 ut
335 1042 469 1126 populus
495 1044 664 1127 [indigeat,
689 1045 742 1108 isti
765 1045 876 1109 divites
901 1047 977 1130 sint]
1003 1053 1034 1110 et
1049 1047 1201 1125 dedecus,

105 1151 172 1214 rell.
207 1150 332 1214 Excidit
354 1151 472 1215 πένεται
493 1174 553 1234 quo
573 1153 665 1216 verbo
685 1154 717 1216 in
736 1154 828 1218 simili
844 1177 876 1218 re
892 1156 992 1219 utitur
1009 1159 1060 1220 12.
1079 1161 1097 1219 6
1106 1184 1116 1235 ;
1133 1166 1200 1223 tum

105 1259 180 1326 οὗτοι
203 1261 233 1325 δὲ
254 1268 445 1335 πλουτοῦσιν,
470 1269 524 1324 aut
547 1263 646 1326 simile
670 1263 755 1346 quid.
803 1263 850 1327 cf.
875 1267 892 1349 p
916 1269 952 1328 9:
977 1263 1051 1329 οὗτοι
1071 1268 1124 1343 μὲν
1140 1270 1200 1346 γὰρ

105 1373 138 1433 ἐκ
154 1371 283 1443 πενήτων
303 1370 432 1433 πλούσιον
452 1370 610 1446 νενίνασνν
629 1373 662 1435 ἐκ
676 1378 732 1435 τῶν
750 1373 906 1453 ὑμετέρων,
931 1376 1013 1450 ὑμεῖς
1033 1375 1061 1439 δὲ
1077 1378 1124 1440 διὰ
1136 1378 1200 1441 τοκί-

104 1502 170 1549 τοος
193 1477 324 1551 πένητες.
372 1478 419 1540 De
443 1479 511 1541 aliis
534 1480 767 1557 conaminibus,
793 1482 971 1563 quaemihi
995 1483 1120 1566 quidem
1144 1485 1199 1547 mi·

106 1589 187 1651 nime
211 1587 420 1664 satisfaciunt,
446 1589 587 1652 videatur
609 1589 731 1653 Scheib.

149 1700 218 1780 bt.
265 1697 375 1761 ὁπόταν
405 1695 481 1762 οὗτοι
513 1700 563 1762 καί
594 1701 618 1763 οί
645 1701 754 1764 τούτων
776 1701 859 1775 λίνον
881 1701 996 1766 δοκῶσιν
1019 1701 1103 1767 αίτοοο
1126 1700 1197 1767 εἶναι

104 1809 278 1887 ψηφιεῖσθαι
308 1809 387 1882 ὑμᾶς
413 1810 495 1886 παρὰ
521 1809 555 1871 τὸ
580 1808 705 1882 δίκαιον,
726 1808 824 1888 ῥαδίως
848 1811 930 1888 παρα
954 1815 1009 1874 τῶν
1028 1811 1198 1875 ἀδικούντων

104 1917 252 1996 χρήματα
285 1916 498 1992 λαμβάνουσιν.
545 1917 687 1980 Dobreus
718 1916 756 1979 ad
787 1916 871 1981 αίτνω
903 1915 972 1982 εἶναι
1004 1922 1197 1997 ψηφιεῖσθαι,

105 2048 190 2103 „non
214 2033 344 2102 temere,
368 2026 487 2108 inquit,
512 2026 712 2088 mutandum:
737 2025 824 2088 when
848 2027 957 2109 people
980 2034 1106 2109 expect,
1129 2028 1197 2090 that

106 2136 202 2218 „they
235 2133 297 2197 will
329 2155 419 2197 cause
449 2156 528 2216 you,
561 2134 639 2197 etc.''
685 2133 745 2196 Sed
768 2133 817 2210 id,
841 2134 902 2196 nisi
925 2134 1031 2211 fallor,
1056 2143 1135 2199 esset
1158 2137 1199 2200 δο-

110 2250 194 2308 κῶσιν
225 2243 309 2308 αίτνον
340 2243 501 2325 ἔσεσίαν,
531 2268 559 2306 κ.
592 2268 619 2307 τ.
651 2243 674 2307 ἓ.
720 2241 793 2304 Non
816 2250 893 2325 puto
917 2243 992 2306 alibi
1015 2243 1104 2309 αίτοον
1127 2241 1198 2309 εἶναι

109 2375 179 2416 cum
203 2353 308 2415 futuro
331 2351 475 2414 infinitivi
497 2352 601 2434 iungi;
626 2357 707 2414 certe
730 2374 769 2415 ne
793 2351 875 2435 apud
898 2351 1109 2435 Thucydidem
1132 2354 1198 2435 qui-

109 2462 196 2538 dem,
229 2461 283 2543 qui
314 2461 435 2544 saepius
466 2459 608 2537 ἕφετνκοί,
645 2460 741 2523 veluti
774 2461 958 2537 διανοοῦμαι,
990 2483 1062 2524 cum
1093 2462 1198 2525 futuro

107 2570 225 2653 iungit,
262 2569 320 2631 hoc
350 2569 506 2631 invenitur
536 2591 592 2632 nec
622 2570 655 2632 in
685 2591 797 2652 magno
831 2591 960 2633 numero
991 2571 1198 2654 exemplorum

107 2701 199 2762 quem
222 2679 375 2762 congessit
398 2678 533 2761 Madvig.
551 2679 635 2742 ch.
652 2702 682 2762 p.
702 2681 741 2740 65
759 2685 823 2742 not.
855 2678 989 2761 Requiro
1005 2679 1196 2760 ψηφίζεσθαι.

108 2787 188 2851 Cum
209 2788 382 2850 accusativo
403 2794 433 2850 et
450 2787 602 2850 infinitivo
619 2788 809 2850 construitur
820 2785 910 2851 αίτνον
921 2783 993 2851 εἶναι
1008 2786 1087 2849 Plat.
1101 2786 1196 2850 Laeh.

112 2900 186 2960 191.
203 2896 246 2959 O:
272 2898 330 2973 ἐγὼ
350 2895 440 2966 αίτνος
459 2899 502 2973 μὴ
521 2904 618 2967 καλῶς
638 2921 671 2960 σε
691 2896 897 2974 οίποκρίνασίαο
914 2903 944 2959 et
960 2918 1053 2980 supra.
1071 2898 1121 2957 19.
1140 2898 1192 2958 51.

151 3008 168 3090 ᾧ
191 3010 220 3068 3.
267 3006 360 3068 καίτοι
382 3005 449 3068 τίνα
471 3007 530 3084 χρὴ
553 3006 660 3068 ἐλπίδα
679 3006 759 3085 ἔχων
774 3005 932 3084 σωτηρίας,
955 3004 1065 3068 ὁπόταν
1080 3006 1109 3067 ἐν
1125 3006 1198 3082 χρή-

107 3137 198 3191 μασιν
228 3112 245 3194 ᾖ
275 3112 324 3176 καί
355 3113 477 3186 σωίῆναο
500 3114 552 3185 τὴν
577 3112 662 3176 πόλιν
685 3112 734 3175 καί
759 3114 801 3189 μή
826 3112 877 3194 (cf.
904 3114 954 3174 12.
981 3114 1041 3189 26,
1067 3114 1119 3173 25.
1147 3114 1198 3195 8),

107 3227 207 3285 ταῦτα
229 3221 252 3284 δ’
275 3218 366 3296 οὗτοι,
390 3221 527 3301 φύλακες
551 3220 604 3298 ὑφ’
624 3222 702 3296 ὑμῶν
722 3219 948 3296 καταστοίντες,
969 3222 994 3284 οἱ
1004 3212 1201 3285 Ιτῶνοίδνκωίν-

107 3356 163 3394 των
185 3331 349 3404 κολασταί,
373 3329 523 3393 κλέπτωσί
545 3354 580 3393 τε
602 3331 651 3393 καί
669 3330 935 3409 καταδωροδοκῶσνς
952 3329 991 3392 In
1007 3330 1055 3391 bis
1071 3327 1198 3412 perinde

108 3445 155 3501 est
178 3445 282 3501 utrum
306 3459 377 3501 cum
401 3437 578 3520 Hirschigio
602 3438 839 3509 κατασταθέντες
863 3440 936 3520 (quo
960 3461 1023 3501 non
1047 3460 1143 3521 opus,
1162 3436 1199 3499 cf.

107 3547 203 3611 Isocr.
230 3552 259 3613 7.
286 3550 328 3608 62
352 3550 404 3620 τὴν
432 3548 487 3610 ὑπὸ
514 3554 570 3611 τῶν
593 3549 747 3628 τοιοίκοντα
770 3554 969 3612 καταστᾶσαν
994 3554 1025 3610 et
1047 3547 1137 3627 alia),
1163 3567 1201 3608 au

108 3679 177 3720 cum
210 3656 332 3720 Dobreo
363 3657 387 3720 οἱ
418 3657 554 3736 Φύλακος
582 3657 683 3740 legas,
709 3680 747 3720 an
771 3657 930 3740 vulgatam
954 3663 1059 3719 tueare
1066 3681 1075 3730 3
1099 3661 1203 3718 manet

109 3767 190 3828 enim
222 3765 385 3829 difficultas
416 3765 507 3842 haec,
535 3766 619 3848 quod
643 3766 681 3829 de
705 3767 888 3830 custodibus
913 3766 1016 3849 agitur
1039 3773 1069 3828 et
1091 3764 1203 3827 malefi-

108 3896 214 3937 corum
245 3875 418 3938 vindicibus
446 3880 595 3959 upopulo
620 3882 740 3940 crectis.
787 3875 852 3955 Qui
874 3876 1009 3956 φύλακες
1033 3875 1204 3958 significen-

109 3993 161 4047 tur
183 4007 273 4048 nemo
297 3985 417 4048 dixerit.
463 3986 690 4067 Νομοφολοίκων
713 3992 849 4069 potestas
873 3985 1038 4048 admodum
1061 3984 1203 4046 restricta

109 4100 189 4169 erat;
214 4100 281 4156 tum
303 4117 342 4157 ne
367 4102 470 4178 potest
493 4095 616 4178 quidem
640 4098 777 4177 φύλακες
801 4095 880 4158 illud
904 4095 1043 4158 absolute
1067 4094 1203 4177 positum

109 4201 147 4264 de
170 4203 218 4264 bis
241 4202 398 4285 intellegi,
424 4205 569 4286 quoniam
593 4207 625 4268 ἐκ
648 4210 704 4267 τῶν
727 4203 975 4285 συμφραζομένων
1000 4209 1108 4284 sponte
1135 4223 1204 4284 sug-

110 4311 227 4392 geritur
257 4313 342 4376 notio
374 4314 532 4397 pecuniae.
579 4315 623 4375 At
655 4315 708 4395 qui
732 4320 805 4376 sunt
827 4313 963 4391 Φύλακος
987 4317 1043 4374 τῶν
1065 4311 1204 4387 δημοσίων

1025 4424 1083 4480 13*
