2850 5024
646 406 707 468 14⁷

126 601 202 664 litus
225 607 304 664 esset
312 650 320 679 ,
342 602 464 686 iamque
483 608 642 686 appareret
658 601 777 684 aliquid
793 600 1022 664 concedendum
1038 621 1103 663 esse
1120 598 1222 661 demo·

127 711 251 789 cratiae,
281 712 487 793 promiserunt
510 711 727 795 quadringenti
752 733 783 773 sc
808 711 945 794 quinque
969 708 1066 772 millia
1089 708 1220 783 civium,

125 842 238 884 vanum
264 828 355 884 antea
376 842 489 884 nomen
511 821 560 902 (cf.
585 820 669 883 locos
690 819 774 905 apud
799 819 910 896 Grote,
928 817 1010 882 VIII
1034 820 1086 883 37.
1111 839 1142 879 n.
1169 818 1219 900 2),

123 931 185 994 iam
206 953 240 993 re
263 952 334 993 vera
357 906 572 1013 designaturos
594 950 667 992 esse.
715 927 756 992 ut
779 935 908 1012 urgente
931 928 1112 991 necessitate
1139 925 1222 989 credi

126 1046 256 1123 possunt
279 1040 462 1103 concessisse
486 1047 522 1103 ut
545 1038 690 1102 electores
713 1039 919 1120 (ααταλογεῖς)
936 1038 1073 1121 quinque
1089 1035 1222 1099 millium

126 1151 207 1214 κατα
223 1149 324 1230 φυλας
342 1148 585 1232 designarentur.
609 1147 801 1231 Polystratus
824 1148 922 1232 igitur
938 1152 1006 1210 tum
1022 1168 1040 1209 a
1055 1145 1222 1210 tribulibus

126 1260 313 1336 καταλιγεύς
342 1260 454 1335 creari,
483 1257 555 1322 dein
586 1257 819 1342 quadringentis
843 1257 976 1321 adscribi
999 1257 1110 1342 potuit.
1158 1253 1223 1334 Qui

126 1371 240 1433 iactum
270 1371 327 1447 sit,
357 1377 392 1433 ut
422 1370 506 1433 solus
529 1369 582 1433 ille
605 1391 710 1434 omnes
734 1368 916 1453 designarit,
941 1390 1004 1431 non
1029 1388 1153 1450 possum
1178 1365 1223 1429 di·

126 1501 211 1556 cere,
241 1500 341 1562 neque
369 1501 477 1562 operae
501 1479 635 1564 pretium
659 1485 705 1541 est
728 1478 887 1541 coniicere.
935 1475 1013 1540 Octo
1038 1474 1145 1541 diebus
1168 1499 1222 1539 αα-

130 1589 278 1666 ιαλογεύς
302 1587 373 1675 (13)
405 1598 435 1652 et
467 1595 589 1651 senator
613 1592 681 1670 (lt)
706 1588 783 1664 init;
808 1595 874 1651 tum
899 1594 1062 1672 antequam
1087 1586 1225 1670 quinque

127 1700 226 1763 millia
248 1722 281 1763 re
304 1721 375 1763 vera
397 1687 539 1762 instituta
564 1707 653 1775 sunt,
679 1699 781 1762 subito
802 1698 920 1763 bellum
936 1698 1111 1762 Euboicum
1126 1696 1222 1759 mina·

37 1810 39 1814 ’
126 1820 198 1887 tur,
222 1809 345 1892 dequo
368 1809 466 1873 Thuc.
492 1831 517 1872 c.
544 1812 596 1871 94.
628 1808 731 1892 Igitur
755 1808 958 1892 expeditionis
982 1807 1135 1871 Eretriam
1155 1828 1224 1889 pro·

130 1942 200 2004 pere
230 1921 340 1984 missac
372 1920 472 1982 socius
500 1919 587 1984 ἐδόκει
617 1921 678 1982 ἐκεῖ
702 1920 754 1991 τὴν
783 1919 885 1997 ψυχὴν
908 1919 939 1981 οὐ
964 1917 1078 1995 πονηρὸς
1100 1913 1172 1980 εἶναι
1195 1918 1224 1980 ἐν

126 2038 194 2102 ταῖς
218 2029 402 2109 ναυμαχίαις
427 2028 476 2112 (de
500 2029 613 2112 quibus
637 2029 675 2091 ci.
699 2027 796 2092 Thuc.
822 2029 886 2110 95).
923 2025 1029 2105 Quum
1044 2025 1223 2089 vulneratus

127 2140 252 2202 domum
282 2138 412 2216 rediret,
440 2139 500 2201 iam
523 2161 571 2201 res
594 2159 756 2202 conversae
780 2144 876 2201 erant.
924 2135 1009 2200 Haec
1032 2137 1058 2200 si
1082 2134 1225 2219 probabi.

128 2249 199 2312 liter
228 2248 387 2332 disputata
416 2247 576 2324 videntur,
606 2248 773 2323 interrae,
800 2269 875 2330 quas
898 2254 1003 2309 narrat
1025 2244 1224 2329 Thucydides

131 2381 156 2422 c.
182 2361 223 2421 93
249 2358 306 2421 sub
329 2357 382 2420 fin.
407 2366 437 2420 et
461 2380 486 2421 c.
512 2361 554 2420 94
579 2357 665 2434 init,
690 2357 783 2440 paulo
808 2357 937 2440 amplius
962 2363 1031 2420 octo
1048 2356 1112 2419 dies
1130 2356 1222 2418 inter·

129 2475 211 2532 sunt.
252 2466 334 2531 Nam
358 2468 477 2531 etiamsi
501 2489 578 2551 quae
602 2473 703 2530 orator
726 2469 742 2550 d
768 2469 808 2528 14
832 2467 871 2530 de
885 2466 1042 2543 ἐπιβολαῖς
1059 2474 1088 2529 et
1106 2463 1224 2544 ζημίαις

129 2578 220 2642 refert
244 2599 299 2661 pro
322 2577 475 2661 praesenti
497 2584 634 2660 tempore
657 2577 728 2639 ficta
751 2577 829 2652 sint,
854 2585 957 2640 tamen
981 2574 1020 2637 ad
1040 2556 1224 2638 creationem

128 2686 289 2750 tribulium
310 2686 502 2769 aliquantum
522 2687 666 2770 temporis
687 2686 909 2770 requirebatur.
946 2685 1019 2749 Non
1043 2684 1138 2748 dubio
1164 2707 1227 2747 ma-

130 2798 225 2861 iorem
253 2819 318 2860 esse
346 2797 552 2860 coniecturam
576 2798 781 2881 propositam,
808 2798 881 2860 satis
906 2803 1042 2880 apparet.
1089 2793 1225 2857 Tantum

131 2906 295 2992 periclitari
326 2906 429 2982 volui,
457 2912 599 2990 possetne
622 2928 669 2968 res
693 2906 737 2968 sic
760 2906 841 2972 facta
864 2906 991 2990 cogitari
1014 2913 1050 2968 ut
1073 2905 1148 2968 fides
1172 2927 1227 2968 sua

131 3017 244 3096 oratori
275 3023 428 3080 constaret
435 3042 445 3093 ;
477 3016 509 3080 id
541 3023 645 3079 autem
674 3038 713 3078 ne
745 3015 935 3098 sicquidem
960 3015 1050 3100 plane
1072 3016 1225 3091 succedit;
1310 3038 1313 3045 ·

130 3126 336 3209 negligentiae
364 3125 445 3189 enirn
474 3147 536 3188 non
559 3125 707 3188 liberatur
731 3124 922 3188 confundens
946 3126 1131 3189 creationem
1154 3146 1227 3207 qua
1302 3106 1304 3111 ,

132 3235 364 3318 dringentorum
392 3247 422 3297 et
446 3233 636 3312 aaratcyiov
659 3236 675 3318 b
702 3236 728 3296 l.
777 3233 919 3297 Ceterum
945 3242 1026 3297 errat
1049 3234 1145 3297 Grote
1169 3242 1228 3296 sta-

131 3350 222 3406 tuens
254 3351 323 3408 octo
352 3344 460 3408 diebus
493 3352 560 3409 ααα
589 3350 748 3428 importum
781 3344 1015 3429 quadringentis
1045 3345 1227 3427 abrogatum

132 3453 341 3538 Polystratum
373 3457 489 3519 socium
525 3455 653 3540 collegio
691 3455 790 3528 fnisse
821 3453 1026 3538 adscriptum3
1062 3453 1227 3518 dicendum

133 3571 214 3627 erat:
232 3571 303 3628 ante
323 3562 547 3649 expeditionem
568 3564 788 3641 Eretriensem,
808 3585 886 3647 quae
904 3564 1011 3647 procul
1028 3565 1123 3630 dubio
1137 3566 1228 3629 etiam

135 3672 254 3757 aliquot
277 3674 426 3738 absumsit
449 3673 514 3737 dies
538 3671 620 3757 (Vol.
633 3672 726 3736 VIII.
751 3695 780 3757 p.
807 3675 867 3750 68,
893 3675 961 3758 sq).

178 3782 238 3846 His
277 3784 475 3868 praemonitis
512 3783 632 3846 facilius
663 3784 721 3847 erit
750 3781 788 3846 de
823 3783 918 3846 altera
949 3783 1006 3846 hac
1036 3785 1228 3848 accusatione

136 3900 279 3959 statuere.
326 3894 373 3957 De
397 3917 432 3958 ea
455 3895 558 3978 agitur
580 3896 597 3978 d
624 3897 682 3957 14:
709 3893 759 3958 καὶ
782 3889 863 3963 οὗτος
886 3892 941 3968 μὲν
964 3893 1025 3958 οὔτ’
1047 3897 1132 3959 εἰπὼν
1155 3895 1230 3970 γνώ-

134 4027 192 4079 μην
218 4003 371 4086 οὐδεμίαν,
403 4004 470 4069 οὔτε
498 4004 586 4069 πλέον
614 4005 687 4069 ὀκτὼ
711 4007 820 4081 ἡμερῶν
843 4002 970 4073 εἷςελθὼι
993 4005 1032 4076 εἰς
1055 4004 1088 4068 τὸ
1110 4004 1230 4082 βουλευ-

134 4113 225 4190 τήριον
261 4108 344 4193 ὦφλε
378 4115 526 4194 χρήματα
559 4120 707 4196 τοσαῦτα,
738 4122 769 4177 et
801 4115 818 4196 d
854 4114 912 4175 18:
952 4112 1002 4176 καὶ
1037 4115 1079 4188 μὴ
1114 4114 1229 4192 θαυμα-

136 4220 191 4301 ζεθ’
218 4219 260 4287 ὅτι
291 4223 413 4288 τοσαῦτ’
442 4219 527 4305 ὦφλε
554 4226 719 4303 χρήματα
754 4221 855 4302 ἔραμαι
885 4220 970 4303 (olim
993 4221 1087 4305 vulgo
1109 4223 1228 4308 ἐρήμην)

135 4331 194 4412 γαρ
220 4333 309 4397 αὐτὸν
337 4333 501 4410 λαβόντες,
532 4335 623 4397 αὐτοῦ
651 4358 684 4397 τε
711 4332 761 4396 καὶ
787 4334 866 4408 ἡμῶν
892 4331 1118 4410 κατηγοροῦντες
1144 4329 1228 4398 εἷλον.

1052 4445 1109 4500 10*
