2850 5024
689 364 753 424 202

215 553 260 616 Fur
285 555 349 631 his,
375 565 499 640 apparet
522 559 619 622 faeere
643 581 691 622 me
715 582 776 622 non
800 582 888 643 posse
910 584 979 624 eum
998 560 1194 637 Hamakero,
1210 561 1265 644 qui

167 663 333 726 orationem
358 665 436 729 hanc
460 689 496 729 ex
520 667 640 731 dnobus
656 668 832 752 fragmentis
850 671 1013 732 conflatam
1029 677 1142 753 putans
1158 669 1260 752 (prius

167 774 194 836 ei
218 783 263 836 est
286 776 303 858 t
330 777 344 835 l
369 797 467 858 nsque
491 775 529 838 ad
552 778 799 855 συμπρεσβευτῶν
823 787 853 841 et
875 781 891 864 d
916 784 934 842 9
960 785 1021 848 τῶν
1044 779 1115 860 γάρ,
1133 800 1202 861 sqq.
1224 779 1262 842 ad

166 884 217 946 fin.
228 909 237 960 3
262 883 392 947 alterum
416 885 552 948 efficiunt
573 907 650 968 quae
676 886 723 949 his
744 885 924 970 interposita
939 890 1024 971 sunt)
1042 895 1261 971 argumentum

167 994 290 1076 utrique
313 994 483 1076 fragmento
504 995 657 1059 diversum
678 1018 742 1060 esse
763 998 881 1060 statuit.
930 997 1002 1060 Non
1022 999 1127 1061 deesse
1143 1021 1261 1062 nexum

166 1103 386 1164 sententiarum
417 1104 434 1186 t
464 1107 503 1186 9,
535 1127 628 1188 supra
659 1105 951 1184 demonstravimus;
976 1107 1031 1190 qni
1054 1109 1080 1170 si
1103 1131 1167 1172 non
1193 1109 1263 1172 sim-

166 1210 302 1293 plicitate
334 1233 365 1273 se
395 1212 605 1290 commendat,
635 1215 802 1278 tenendum
825 1215 886 1278 aliu
909 1239 1032 1300 quoqne
1055 1218 1088 1280 in
1112 1218 1171 1282 hae
1196 1241 1261 1282 ora

165 1321 248 1382 tione
272 1341 377 1403 parurn
402 1321 551 1405 elegantia
574 1331 604 1385 et
628 1323 731 1388 facilia
754 1347 828 1388 esse.
859 1325 965 1389 Veluti
980 1328 1117 1410 §dentis
1130 1328 1261 1412 abrupte

164 1428 213 1491 καὶ
238 1431 304 1505 ὑμῖν
327 1429 388 1509 ἔχει
412 1432 585 1495 ἐπικαλέσαι
601 1432 734 1497 additur.
762 1433 842 1497 Tum
860 1441 897 1497 ut
913 1436 1051 1499 omittam
1067 1437 1262 1520 quueSchei·

164 1538 233 1602 bins
264 1538 325 1601 iam
355 1537 530 1604 Hamakero
561 1544 725 1627 opposuit,
754 1566 816 1607 non
842 1544 947 1621 video,
972 1567 1066 1628 quare
1089 1547 1116 1609 is
1143 1547 1198 1628 qui
1222 1568 1260 1610 ex

164 1649 284 1716 dnobus
316 1650 492 1736 fragmentis
522 1653 747 1716 oratiunculam
778 1655 1038 1732 consarcinasset,
1074 1677 1174 1739 panea
1208 1653 1264 1718 illa

165 1761 272 1837 verba,
305 1783 383 1843 quae
414 1761 502 1824 initio
533 1761 679 1844 leguntur
707 1763 917 1845 (κατηγόρηται
940 1801 986 1811 -
1008 1766 1150 1848 runnu),
1177 1764 1262 1827 addi-

167 1871 276 1949 disset,
310 1870 472 1953 legationis
495 1869 533 1933 de
557 1872 672 1952 quain
695 1871 894 1953 sequentibus
918 1894 973 1935 nee
996 1873 1066 1936 vola
1087 1896 1145 1936 nee
1168 1873 1260 1937 vesti-

162 1981 264 2065 gium,
300 1980 485 2043 mentionem
520 1980 672 2043 omisisset
679 2006 688 2057 ;
725 1981 817 2043 etiam
847 2004 955 2065 parum
990 1989 1060 2065 apte
1090 1983 1257 2046 coniuncta

162 2090 291 2153 fuissent
319 2090 352 2151 in
380 2089 517 2152 oratione
540 2088 622 2152 unde
646 2089 719 2152 haee
743 2090 888 2152 sumsisse
911 2091 1139 2154 consarcinator
1165 2099 1256 2174 puta·

162 2206 231 2275 tur,
262 2198 350 2261 haee:
383 2198 582 2278 κατηγόρηται
605 2199 659 2275 μὲν
688 2198 877 2277 Ἐπικράτους
904 2200 991 2264 ἱκαναὶ
1018 2201 1067 2263 καὶ
1094 2205 1150 2262 τῶν
1177 2225 1256 2276 σνμ-

166 2307 370 2384 πρεσβευτῶν.
402 2312 463 2377 πῶς
493 2308 571 2386 ναρς
603 2302 642 2378 οἷς
669 2307 731 2370 οὐδὲ
753 2308 853 2370 roura
876 2307 925 2370 καὶ
950 2310 1017 2384 ὑμῖν
1039 2308 1201 2389 συμφέρει,
1226 2309 1260 2372 in

165 2416 277 2500 quibus
302 2416 443 2498 equidem
466 2439 580 2480 nexum
604 2416 824 2480 sententiarum
849 2416 1000 2479 desidere.

208 2525 434 2589 Animadvertit
464 2526 605 2589 Dobreus
637 2525 749 2588 similia
773 2548 837 2588 esse
860 2525 958 2588 multa
981 2527 1012 2589 in
1038 2526 1094 2589 heo
1117 2527 1260 2591 oratione

164 2641 195 2699 et
217 2634 423 2698 Nieomaehea
446 2636 529 2718 (30);
555 2657 686 2718 quorum
710 2635 767 2697 etsi
791 2634 941 2716 quaedam
963 2636 1024 2698 iam
1040 2658 1133 2719 snpra
1148 2637 1256 2718 tetigi,

162 2745 248 2808 iuvat
281 2752 383 2807 tamen
418 2745 468 2807 hie
500 2745 602 2807 omnia
625 2744 681 2807 sub
707 2766 804 2808 unum
828 2752 1025 2827 conspectum
1048 2766 1171 2828 ponere.
1220 2745 1259 2808 In

162 2863 293 2938 utraque
315 2855 483 2917 incitantur
506 2853 639 2930 iudices,
664 2861 700 2916 ut
716 2853 910 2936 potissimum
926 2853 964 2917 ab
982 2853 1035 2932 iis,
1053 2855 1108 2936 qui
1123 2855 1256 2918 dicendo

162 2964 300 3041 valeant,
323 2987 437 3048 poenas
459 2972 618 3047 repetant3
643 2963 681 3026 of.
705 2964 722 3047 t
747 2965 764 3024 5
790 2985 858 3026 oum
882 2962 952 3025 Nie.
978 2966 1031 3026 24.

205 3074 298 3137 καίτοι
339 3073 414 3137 τοῦθ’
452 3070 583 3142 ἅπαντες
619 3071 680 3135 ἐτί-
770 3072 929 3135 ἐπίστασθε
962 3072 987 3134 δ’
1010 3067 1031 3135 ὦ
1056 3069 1154 3152 ἄνδρες
1178 3073 1258 3136 δικα-

160 3183 286 3259 στανθε,
321 3180 364 3246 ὅτι
398 3184 472 3261 οὐχ,
510 3178 580 3244 ὅταν
614 3180 681 3250 τοὺς
727 3179 815 3256 τταί,
840 3178 882 3243 ὅτι
905 3181 1102 3258 παράδειγμα
1124 3189 1184 3252 τοῖς
1201 3181 1258 3246 ἄνι-

160 3293 202 3370 μίρ
218 3291 389 3368 δυναμένους
405 3291 502 3366 λέγειν
518 3289 685 3371 κολάζητε,
726 3303 785 3360 λοις
808 3288 892 3353 ἔσται
916 3291 958 3366 μὴ
981 3292 1096 3365 τολμῖιν
1120 3290 1160 3360 εἰς
1175 3293 1257 3368 ὑμᾶς

159 3401 222 3466 τότ’
245 3400 328 3465 ἔσται
352 3399 544 3479 παράδειγμα
563 3404 625 3462 τοῦ
640 3399 683 3474 μὴ
729 3397 941 3477 ἐξαμαρτάνειν
954 3402 1012 3478 οὐχ
1024 3397 1094 3463 ὅταν
1105 3400 1172 3471 τοὺς
1183 3400 1255 3464 εἰδυ-

161 3512 239 3587 ὑμνῖς
269 3509 376 3573 ἀδικεῖν
405 3508 475 3572 αλλ’
505 3505 575 3571 ὅταν
599 3509 681 3586 ταρα
727 3507 829 3577 veirone
860 3508 950 3571 εἰπεῖν
981 3506 1146 3587 ανλνὶζντε,
1181 3508 1257 3572 ἀλλ’

159 3626 215 3684 τῶν
230 3619 390 3695 δυναμένων
405 3617 681 3693 λέγεινδίκννλαμ-
727 3616 796 3680 ὅταν
828 3612 910 3694 ταρὰ
937 3623 993 3681 τῶν
1016 3617 1179 3693 δυναμένων
1203 3620 1253 3682 λε’-

160 3727 291 3805 βνὶνντε,
309 3727 376 3791 τότε
393 3727 502 3798 πάντες
519 3727 680 3790 παύσονται
726 3749 788 3801 yur
812 3726 890 3799 δίκην
913 3725 1106 3802 λαμβανετε.

163 3840 374 3918 ἐπιχειροῦντες
397 3839 437 3907 εἷς
462 3837 539 3913 ὑμᾶς
562 3837 680 3900 utinen.

205 3946 353 4010 Salutaris
378 3948 435 4010 erit
458 3947 566 4010 iudicii
590 3946 754 4009 severitas:

204 4058 221 4140 d
253 4060 281 4121 7.
317 4058 368 4121 ἐὰν
402 4057 432 4119 δὲ
466 4053 681 4136 καταφερφισνὲ-
771 4051 840 4116 Nio.
866 4056 918 4115 23.
950 4055 998 4116 ἕαν
1021 4054 1050 4116 δὲ
1075 4059 1256 4133 καταψηφι-

162 4166 546 4243 μεννιθαναίτοντιμήνντε,
560 4173 596 4245 τῇ
610 4167 685 4245 αὐτῇ
730 4163 850 4239 ενέμεννι
874 4167 930 4225 τῶν
953 4160 1092 4242 ε’τχνὶτων
1115 4164 1195 4241 αὐτῷ
1217 4187 1259 4225 τι·

162 4276 255 4358 ψήφῳ
278 4277 344 4346 τοὺς
362 4275 390 4339 τ’
406 4273 515 4346 ἄλλους
531 4273 684 4353 κρσραιωτέ·
728 4273 860 4349 μήσντε,
894 4281 929 4350 τῇ
960 4273 1037 4352 αὐτῇ
1070 4272 1164 4351 ψήφῳ
1187 4272 1256 4342 τούς
