2850 5024
657 383 717 445 177

186 581 203 662 ξ
227 580 278 640 10.
325 576 407 640 Mira
436 577 611 639 consecutio
642 583 812 660 temporum
844 583 905 639 est:
935 577 1014 652 ὐμοῖς
1036 574 1082 640 οὐν
1104 578 1175 655 χρη
1198 580 1231 641 ἐκ

143 686 251 751 τούτων
275 684 436 764 δοκιμούζειν
457 686 524 755 τούς
546 684 689 766 πολίτας,
709 691 888 755 σκοποῦντας
912 684 965 760 μὲν
989 681 1064 754 ύπυς
1088 683 1175 758 ἦσαν
1202 687 1231 749 ἐν

142 806 179 876 τῇ
206 795 387 873 δημοκρατία
417 793 736 870 πεπολιτευμένοι,
759 792 917 872 ζητοῦντος
937 792 1035 867 δ’ὐτις
1053 796 1150 863 αὐτοῖς
1171 795 1230 870 έχό-
1293 794 1296 800 ’

141 927 228 980 χνετο
252 902 381 984 ὠφέλεια
403 907 459 967 τῶν
481 903 668 982 πραγμύτων
690 902 925 979 μεταπεσόντων.
965 902 1058 966 Recte
1082 903 1233 967 diceretur

142 1015 228 1077 ὐποῖοι
253 1008 326 1086 ἦσαν
348 1049 392 1060 -
416 1011 644 1087 πολιτευόμενοι,
669 1011 722 1074 sed
745 1011 1035 1095 plusquamperfecti
1051 1012 1168 1075 nullam
1188 1035 1233 1075 ra·

141 1121 256 1183 tionem
280 1121 377 1184 video.
402 1120 544 1184 Fortasse
569 1121 782 1184 scribendum:
806 1129 889 1199 χρῆν.
920 1112 1065 1204 Vulgaris
1088 1122 1167 1183 ratio
1188 1128 1233 1184 est

141 1238 215 1309 χρῆν
245 1238 380 1306 σκοπεῖν,
412 1229 487 1302 ὅπως
519 1230 573 1295 εἰσὶ
603 1254 636 1294 π.
670 1237 724 1293 aut
754 1225 809 1295 εἶεν
840 1254 873 1295 π.
920 1228 980 1292 Sed
1011 1229 1085 1292 haec
1110 1230 1232 1313 saepius

142 1338 332 1422 neglegitur,
357 1360 413 1423 pro
437 1339 589 1424 praesenti
612 1345 683 1425 post
703 1339 830 1402 verbum
846 1338 1002 1421 praeteriti
1018 1337 1163 1420 temporis
1179 1338 1235 1399 im-

143 1447 278 1530 perfecto
305 1446 484 1510 substituto.
521 1446 568 1509 Of.
593 1450 660 1511 κατ’
685 1450 782 1527 Ἀγορ.
809 1448 877 1530 (13)
902 1449 962 1508 41:
987 1446 1051 1524 περὶ
1074 1445 1236 1524 Ἀχορούτου

142 1554 259 1621 τουτουύ
278 1557 394 1638 ἔλεγον,
421 1553 463 1619 ότι
486 1555 575 1626 αἴτιος
600 1550 637 1629 ἦν
662 1561 713 1619 τοῦ
738 1554 870 1619 θανύτου.
908 1553 986 1619 Xen.
1011 1553 1094 1616 Hell.
1116 1552 1178 1616 ΠΙ.
1204 1556 1233 1614 2.

145 1669 182 1728 6:
206 1667 369 1729 ἐπιστεῖλαι
396 1664 425 1727 δέ
448 1665 514 1735 τούς
537 1664 654 1745 ἐφόρους
679 1665 787 1738 εἰπεῖν,
812 1666 863 1744 ὡς,
888 1701 933 1712 -
956 1661 998 1728 ύτι
1020 1668 1068 1726 νύν
1088 1663 1164 1728 οὐδὲν
1180 1663 1237 1736 tel-

145 1797 209 1837 κουν
233 1776 299 1856 (pro
322 1773 463 1857 ὐύικούσι)
489 1777 637 1838 ἐπαινοῖεν.
684 1772 744 1835 ΟΡ.
769 1771 831 1835 ΠΙ.
853 1775 882 1834 3.
901 1776 939 1834 9:
961 1779 1107 1836 κατανοῶν
1124 1775 1236 1852 θΚύρος

144 1886 181 1954 ὡς
204 1880 236 1947 εὐ
259 1884 337 1962 αὐτῷ
362 1878 441 1962 εἶχον
465 1885 532 1966 (pro
555 1881 666 1965 έχουσι)
690 1883 731 1945 τοὶ
750 1880 862 1959 σώμαθ’
880 1883 905 1944 οἱ
919 1887 1094 1961 στρατιῶται
1111 1919 1156 1929 -
1173 1883 1238 1944 ε’πε-

145 1993 235 2068 θύμει.
264 1991 358 2075 (Lys)
382 1993 450 2072 ὑπὲρ
474 2004 617 2070 Πολυστρ.
644 1993 721 2074 (20).
748 1994 806 2054 24:
831 1991 898 2056 ὥστ’
921 1991 1022 2056 εἰδέναι
1045 1992 1110 2061 τούς
1126 1992 1237 2061 ἱππέας

144 2095 198 2169 οἷος
229 2095 260 2171 ἦν
291 2100 350 2182 (vel
381 2097 399 2174 ἦ
425 2123 480 2185 pro
511 2102 571 2177 εἰμι’
601 2102 648 2162 vel
679 2098 749 2183 εἴην)
779 2104 831 2174 την
858 2103 971 2180 ψυχήν.
1010 2099 1106 2163 Thuc.
1124 2099 1180 2162 VI.
1208 2104 1237 2163 1.

145 2210 216 2273 Alia
238 2209 351 2272 videsis
373 2209 406 2271 in
429 2231 555 2292 gramm.
578 2212 595 2293 p
618 2212 670 2273 57.
695 2210 733 2271 A.
757 2211 811 2271 45.
847 2208 1023 2271 Sententiae
1042 2207 1238 2291 pendentisa

145 2326 219 2398 χρῆν
251 2324 304 2380 aut
332 2317 402 2399 έύει,
435 2317 468 2380 iu
499 2339 560 2399 quo
590 2317 802 2400 imperfectum
829 2316 984 2401 (plqperf.)
1007 2336 1062 2399 pro
1086 2317 1238 2399 praesenti

146 2427 245 2510 (perf.)
274 2434 452 2509 usurpetur,
484 2448 546 2489 non
577 2425 674 2488 habeo
706 2425 896 2511 exemplum,
928 2424 1037 2487 sedin
1061 2424 1239 2487 secundario

146 2541 249 2598 tamen
280 2535 415 2598 membro
443 2536 612 2599 sententiae
643 2535 803 2619 pendentis
831 2534 1042 2618 imperfectum
1074 2539 1241 2617 usurpatur

147 2651 183 2705 ut
206 2642 294 2707 Dem.
322 2646 350 2706 8.
378 2647 416 2707 l:
442 2645 525 2710 Ἔδει
555 2645 609 2722 μὲν
639 2647 705 2716 τούς
736 2645 879 2719 λέγοντας
910 2641 1049 2714 ἅπαντας
1073 2644 1149 2719 μήτε
1173 2643 1241 2721 πρὸς

149 2751 256 2831 ἔχθραν
282 2755 421 2817 ποιεῖσθαι
451 2754 538 2830 λόγον
569 2754 680 2830 μηδένα
708 2755 786 2830 μήτε
817 2752 884 2832 πρὸς
914 2752 1015 2832 χούριν,
1040 2751 1112 2814 αλλ’
1135 2749 1149 2814 ὃ
1171 2751 1242 2827 βέλ-

147 2883 244 2925 τιστον
268 2858 390 2932 ἕκαστος
414 2864 558 2938 ἡγεῖτο,
583 2864 662 2926 τοῦτ’
685 2861 909 2943 οὐποφαθνεσθαι.
945 2859 1113 2923 Euucleate
1132 2858 1170 2922 de
1193 2859 1241 2921 his

148 2970 291 3054 Madvig,
308 2970 394 3034 Bem.
413 2993 442 3054 p.
462 2974 513 3048 17,
528 2994 572 3053 sq.
590 2979 621 3033 et
639 2974 690 3033 14.
707 3008 751 3018 -
767 2969 861 3049 Quod
877 2970 1016 3052 sequitur
1031 2970 1242 3053 imperfectum

148 3080 282 3156 ε’χίχνετο
296 3082 410 3143 mansit
430 3102 466 3143 ex
486 3082 623 3143 oratione
642 3079 979 3156 recta3ma1imtamcn
995 3078 1109 3155 ἐγένετο
1127 3077 1243 3162 („qucd

148 3189 412 3265 „emolumentum
439 3195 645 3274 perceperint,
670 3210 766 3272 quum
788 3211 837 3250 res
860 3209 1020 3251 conversae
1044 3186 1185 3269 esseut”).

193 3302 210 3383 p
234 3302 286 3361 ll.
333 3300 391 3374 aa
422 3298 515 3361 τοίνυν
541 3299 689 3374 ἡγοῦμαι,
717 3294 774 3361 ὐσοι
794 3296 847 3373 μὲν
870 3298 899 3358 έν
922 3306 959 3376 τῇ
980 3297 1158 3376 δημοκρατία
1180 3294 1244 3358 οὐτι-

149 3433 196 3485 μοι
225 3403 299 3482 ἦσαν
326 3407 444 3478 εὐθύνας
472 3406 624 3476 δεδυκότες
647 3406 664 3479 ἢ
687 3410 743 3469 τῶν
765 3404 850 3468 όντων
873 3404 1098 3482 ἀπεστερημένοι
1122 3406 1139 3479 ἢ
1163 3403 1242 3484 ἄλλη

148 3517 202 3580 τινὶ
233 3521 372 3598 συμφορᾷ
402 3514 522 3594 τοιαύτη
544 3512 725 3594 κεχρημένοι.
773 3511 873 3575 Nemo
897 3533 960 3574 nou
984 3511 1059 3574 heco
1082 3512 1180 3594 primo
1203 3511 1243 3574 le-

150 3647 224 3708 gens
248 3625 355 3708 iunget
379 3622 530 3693 δεδυκύτες
554 3626 571 3696 ἢ
595 3621 821 3699 οὐπεστερημένοι
845 3620 862 3693 ἢ
881 3620 1063 3698 κεχρημένοι.
1096 3618 1156 3682 Sed
1178 3620 1246 3683 iun-

150 3734 250 3819 genda
281 3740 354 3797 sunt
385 3732 483 3810 ἄτιμοι
513 3732 529 3808 ἢ
558 3733 614 3795 οὐπ.
641 3732 658 3806 ἢ
682 3754 783 3809 κεχρ,
807 3735 843 3791 ut
867 3729 1019 3791 sententia
1042 3728 1149 3805 docet;
1175 3750 1246 3791 nam

148 3842 246 3920 ὐτιμοι
283 3838 354 3914 ἦσαν
384 3843 554 3927 explicatur
588 3842 687 3926 primo
710 3839 872 3925 participio
895 3838 969 3918 aa,
994 3861 1056 3901 non
1080 3839 1153 3901 item
1177 3837 1245 3900 reli-

148 3955 226 4035 quis.
275 3951 343 4036 Ego
374 3953 492 4023 εὐθύνας
520 3951 672 4022 δεδυκότες
696 3947 845 4012 eiicieuda
868 3968 994 4022 censeo,
1019 3953 1128 4030 utpote
1152 3947 1246 4010 inter-

149 4063 245 4146 pretis
277 4061 437 4125 cuiusdam
460 4066 745 4124 annotatamentum
769 4079 806 4120 ex
829 4057 966 4138 margine
994 4058 1127 4138 petitum
1134 4081 1142 4131 ;
1164 4055 1248 4119 addi·

150 4172 196 4234 dit
219 4170 258 4233 ad
278 4169 394 4248 ύτιμοιε
428 4171 515 4245 ὐχουν
539 4169 660 4239 εὐθύνας
684 4165 852 4242 δεδωκότες,
879 4171 912 4226 ic
934 4167 1103 4228 rationibus
1127 4167 1245 4230 dundee.

154 4281 195 4344 Et
224 4304 314 4345 nemo
346 4282 408 4344 fere
439 4280 520 4344 inter
550 4280 733 4343 recent-iores
765 4277 897 4339 editores
920 4276 995 4337 haec
1019 4274 1109 4338 verba
1132 4275 1248 4338 intacta

1111 4388 1147 4442 12
