2850 5024
699 374 740 434 80

182 567 294 632 tionem
318 570 497 634 rhetoricam
522 570 603 635 dicta
625 570 769 634 facillime
793 579 988 635 excusantur.
1024 569 1152 637 Nullam
1174 573 1274 658 plane-

181 679 389 745 difficultatem
417 680 529 744 habent
559 681 649 757 haec,
682 684 698 767 t
729 683 788 744 35:
820 684 843 746 εἰ
874 685 933 762 γὰρ
956 682 989 756 δὴ
1012 683 1093 747 αὐτοὶ
1117 685 1142 747 οἱ
1166 691 1269 757 κακῶς

145 788 148 794 ’
179 792 348 865 πεπονθότες
370 792 515 870 λαβόντες
537 794 692 876 ἀφήσουσι.
740 792 812 857 Non
836 793 916 858 enim
939 793 1012 858 haec
1035 795 1212 878 postulant,
1231 806 1269 860 nt

179 904 305 989 triginta
338 904 384 968 illi
415 905 526 989 captivi
548 905 709 968 videantur
732 903 869 968 Athenas
892 903 1018 969 abducti
1040 928 1114 970 esse.
1158 906 1270 971 Erato-

177 1015 299 1080 sthenes
331 1024 361 1080 et
382 1015 481 1080 Phido
505 1024 667 1100 antequam
691 1015 773 1080 abire
796 1016 969 1101 potuissent
991 1015 1134 1102 prehensi
1157 1025 1266 1097 erant,

177 1136 230 1193 ant
258 1139 358 1193 mente
381 1129 530 1194 occaecati
553 1130 601 1211 (ut
624 1127 797 1192 Andocides
821 1129 850 1190 6.
876 1128 930 1210 27)
954 1150 1018 1191 sese
1039 1127 1173 1192 inimicis
1198 1130 1267 1193 suis

176 1241 396 1304 commiserant.
442 1239 646 1323 Praeiudicio*
663 1238 795 1324 quodam
819 1239 911 1302 etiam
935 1237 972 1303 de
996 1238 1123 1323 reliquis
1147 1248 1268 1306 statue·

175 1352 279 1429 batur,
311 1353 337 1416 si
367 1352 584 1417 Eratosthenes
616 1351 886 1429 condemnaretnr3
919 1375 955 1416 eo
986 1360 1092 1416 contra
1119 1351 1267 1417 absoluto

174 1464 307 1548 reliquos
338 1487 461 1549 quoque
483 1464 617 1528 reditum
641 1443 672 1527 in
696 1463 803 1528 urbem
825 1471 996 1528 tentaturos
1020 1470 1265 1528 consentaneum

175 1585 248 1641 erat.
295 1575 376 1640 Hinc
402 1577 497 1661 igitur
524 1575 754 1662 explicandum,
779 1575 862 1660 quod
886 1575 923 1639 de
947 1576 1154 1654 accusatione,
1182 1599 1266 1661 quae

173 1690 293 1776 proprie
329 1689 366 1752 ad
405 1713 501 1754 unum
538 1688 771 1753 Eratosthenem
803 1687 991 1772 pertinebat,
1025 1687 1115 1752 verba
1145 1686 1265 1751 faciens

173 1801 343 1885 promiscue
366 1801 496 1866 subinde
519 1801 668 1886 singulari
689 1809 719 1865 ct
735 1800 847 1885 plurali
862 1823 989 1864 numero
1006 1801 1107 1864 utitur
1124 1798 1266 1884 (Hecker

172 1937 202 1999 p.
235 1915 275 1997 6).
321 1911 371 1977 Sic
398 1915 415 1999 t
440 1917 474 1991 1,
506 1913 560 1977 ubi
587 1934 642 1997 pro
671 1915 769 1984 αὐτοῖς
797 1911 960 1996 legendnm
990 1910 1111 1975 videtur
1132 1912 1264 1988 τούτοις,

170 2025 188 2109 ᾗ
218 2027 256 2103 2,
289 2026 349 2102 22,
381 2027 441 2101 36,
473 2023 527 2088 ubi
558 2024 660 2109 agitur
690 2022 727 2086 dc
755 2045 808 2100 e0,
833 2021 916 2107 quod
939 2023 971 2087 in
995 2022 1052 2086 hac
1076 2030 1107 2086 et
1129 2022 1263 2107 reliquis

154 2135 290 2226 tenuris,
322 2158 397 2219 quas
428 2157 498 2199 mox
529 2134 648 2199 futuras
672 2134 828 2219 praevidet
851 2142 969 2212 orator,
994 2135 1205 2198 constitutum
1223 2135 1265 2198 iri

172 2252 334 2333 exspectat.
364 2244 423 2309 Sed
438 2249 455 2332 p
470 2248 510 2308 62
527 2247 622 2326 ἐκείνῳ
636 2244 815 2330 legendum,
832 2267 894 2308 non
909 2243 1030 2316 ἐκείνοις.
1060 2244 1201 2310 Sectione
1216 2249 1261 2311 91

169 2359 275 2424 τούτων
309 2358 591 2440 ἀποψηφισαμένους
626 2366 749 2442 propter
784 2358 984 2443 oppositionis
1019 2358 1261 2424 concinnitatem

170 2469 258 2552 (ὑμῶν
278 2471 383 2554 αὐτῶν)
396 2492 457 2534 non
471 2468 713 2548 sollicitandum
737 2470 789 2533 sed
799 2469 939 2534 absoluto
948 2469 1151 2534 Eratosthene
1163 2493 1259 2554 quem

169 2581 305 2645 animum
329 2580 365 2644 de
388 2581 515 2666 triginta
538 2581 608 2645 viris
631 2582 755 2646 omnino
778 2581 941 2658 haberent,
966 2581 1150 2645 declaraturi
1168 2591 1260 2648 erant

144 2726 147 2733 >
169 2691 388 2770 Athenienses;
404 2694 507 2776 itaque
524 2693 579 2756 hos
595 2693 687 2757 simul
702 2694 789 2778 quasi
805 2693 976 2758 absoluturi
991 2700 1087 2757 crant.
1118 2691 1258 2759 Omnino

168 2803 200 2867 in
223 2803 434 2870 Eratosthenis
457 2804 570 2869 iudicio
594 2812 700 2870 contra
722 2813 818 2870 totam
841 2805 1003 2870 factionem
1018 2804 1168 2869 iudicium
1185 2827 1259 2871 con-

168 2914 256 2979 st'tui
278 2916 388 2980 statuit
395 2942 404 2994 ;
428 2916 465 2980 cf.
491 2918 582 2980 etiam
604 2918 621 3001 t
643 2919 695 2980 35.

212 3026 320 3112 Neque
342 3029 533 3114 impunitatis
556 3028 605 3092 lex
627 3025 708 3112 (ὅρκον
734 3029 784 3093 nai
807 3030 953 3113 συνθῆκννν)
978 3028 1034 3091 hac
1058 3028 1257 3096 accusatione

166 3137 299 3203 violatur
328 3138 461 3225 (Hecker
483 3163 512 3224 p.
539 3142 587 3225 5);
616 3162 687 3203 nam
714 3141 837 3203 omnino
861 3138 954 3204 dubia
978 3146 1042 3203 erat
1065 3161 1157 3204 cause
1179 3138 1258 3204 Era-

132 3320 137 3336 (
166 3249 334 3327 sosthenis,
365 3257 483 3314 essetne
514 3258 637 3336 propter
668 3251 913 3315 communionem
936 3273 1004 3315 cum
1028 3251 1156 3336 triginta
1178 3252 1256 3316 viris

166 3360 357 3446 puniendus,
389 3383 427 3424 an
456 3360 539 3444 qnod
568 3361 762 3425 decaduchus
786 3370 816 3425 ct
839 3361 990 3426 leniornm
1015 3384 1131 3448 semper
1154 3364 1257 3426 consi·

164 3471 275 3536 liorum
309 3473 418 3536 fuisset
451 3473 539 3537 venia
573 3472 743 3538 donandus.
790 3473 831 3537 Et
864 3474 1005 3537 novimus
1040 3495 1132 3559 qnam
1161 3495 1256 3560 saepe

164 3583 328 3662 ἀμνηστίας
362 3583 411 3647 lex
441 3584 569 3669 migrata
599 3585 692 3649 fuerit
721 3584 770 3649 vel
799 3607 835 3649 ex
865 3583 978 3649 diserto
1008 3584 1185 3648 testimonio
1218 3585 1253 3650 in

45 3673 65 3697 ⁵
164 3700 238 3758 orat.
272 3696 328 3773 25,
357 3694 405 3758 vel
431 3717 466 3758 ex
491 3696 658 3780 Agoratca,
683 3696 713 3760 in
739 3718 800 3780 qna
822 3718 913 3772 causa
936 3696 1009 3759 satia
1033 3696 1106 3760 huic
1129 3694 1168 3760 ab
1191 3695 1254 3761 hac

164 3805 288 3889 quidem
309 3813 395 3891 parte
418 3806 525 3870 similis
547 3815 704 3872 tractatur.
750 3806 821 3894 Ipse
843 3807 896 3872 ille
915 3807 1059 3872 Isocratis
1075 3808 1162 3872 locus
1178 3807 1251 3874 adv.

163 3916 239 3982 Call.
267 3921 301 3998 1,
315 3918 380 4003 ‚ubi
406 3919 532 3983 Archini
554 3919 656 3984 lende
673 3919 825 3985 oblivione
841 3919 1029 3993 observanda
1044 3926 1250 4000 memoratur,

162 4029 296 4094 ostendit
318 4029 401 4095 brevi
424 4030 626 4096 Athenienses
649 4031 848 4096 iurisiurandi
866 4033 1043 4096 memoriam
1058 4031 1249 4116 deposuisse.

206 4139 349 4226 Singula,
382 4164 459 4227 quae
488 4143 526 4206 A.
558 4141 679 4207 Hecker
705 4143 862 4228 ingeniose
885 4143 1026 4228 quidem,
1051 4151 1087 4207 nt
1109 4143 1249 4224 solebat,

161 4251 214 4315 sed
237 4258 345 4338 argute
368 4253 513 4338 protulit,
537 4276 600 4318 non
621 4254 707 4319 iuvat
729 4277 812 4319 nunc
828 4255 1000 4341 explorare,
1018 4272 1114 4340 quum
1130 4255 1247 4337 multa,

161 4361 273 4444 quibus
296 4363 347 4428 ille
370 4363 502 4428 offensus
525 4373 588 4448 est,
613 4387 694 4430 nunc
718 4379 800 4430 certa
815 4364 1026 4431 emendatione
1042 4376 1147 4432 sanata
1163 4369 1247 4448 sint3
