2850 5024
670 296 733 356 184

157 493 226 556 coll.
258 495 291 576 §d
321 496 359 568 3,
394 495 452 569 lu,
482 495 522 555 23
548 492 626 555 hanc
650 492 818 554 orationem
842 491 874 552 in
897 487 1053 568 δοκιμασίᾳ
1076 487 1174 550 luisse
1199 486 1251 548 ha·

157 603 271 680 bitem,
296 608 326 664 et
350 610 540 664 accusatores
564 601 713 685 prodiisse
737 622 788 663 cos
812 601 914 684 ipsos,
940 619 1072 680 quorum
1087 595 1253 680 impuden-

158 713 232 775 tiam
264 713 296 774 in
326 717 392 773 tcta
415 711 600 775 democratia
622 713 639 795 d
663 712 703 772 25
729 732 794 793 sqq.
820 709 1007 792 perstringat
1030 712 1150 770 orator:
1175 704 1253 789 upi-

158 842 284 903 genem,
316 820 566 902 Demophauem,
599 818 798 882 Clisthenem.
846 816 976 879 Omissis
1009 816 1089 879 euim
1117 813 1253 898 reliquo·

158 951 227 992 rum
250 928 488 1010 demagogorum
512 926 705 1001 nominihus,
726 927 781 988 hos
807 926 888 988 solos
903 925 1089 1001 insectatur,
1107 923 1250 1006 quamvis

158 1037 279 1100 obscuri
303 1037 480 1118 ceteroquin
503 1043 614 1098 essent.
663 1034 743 1098 Nam
767 1033 805 1097 de
829 1033 987 1097 Clisthene
1009 1038 1133 1096 tantum
1149 1030 1252 1115 possit

158 1145 272 1228 ambigi
291 1146 370 1208 sitne
393 1145 526 1208 famosus
551 1145 603 1207 ille
626 1144 767 1228 pathicus
778 1192 788 1221 ,
812 1165 903 1227 quem
926 1143 1047 1226 saepius
1063 1141 1252 1227 perstringat

161 1254 381 1338 Aristophanes
406 1254 476 1336 (ium
500 1254 532 1316 in
555 1253 689 1316 Acharn.
717 1255 796 1329 118;
817 1252 854 1315 cl.
872 1251 979 1316 Oratin
996 1251 1032 1315 fr.
1053 1253 1133 1327 193,
1152 1248 1251 1312 schol.

160 1365 213 1426 Ar.
246 1362 322 1426 Rau.
348 1365 422 1446 48),
447 1362 599 1446 Epigenes
623 1367 703 1424 certe
727 1367 757 1424 et
781 1361 996 1445 Demophanes
1020 1359 1128 1444 ignoti.
1153 1357 1253 1420 Pecu·

160 1472 244 1535 liaris
267 1472 363 1554 igitur
385 1492 477 1533 causa
500 1471 594 1533 luisse
618 1469 756 1546 videtur,
781 1491 837 1532 cur
860 1469 916 1532 hos
940 1469 1136 1554 potissimum
1160 1465 1253 1548 elige·

162 1586 216 1644 ret.
252 1579 362 1661 Itaque
386 1600 464 1661 quae
485 1580 502 1661 a}
526 1581 566 1639 29
591 1578 753 1660 leguntur:
778 1573 817 1649 οἷς
840 1580 922 1655 ὑμεῖς
940 1577 1015 1641 πολὺ
1031 1575 1067 1641 2ο
1079 1575 1253 1654 δικαιότερον

162 1686 317 1751 πιστεύοιτ
348 1686 364 1762 ἢ
395 1685 521 1767 τούτοις,
549 1680 574 1750 οἳ
596 1686 758 1766 Φεύγοντος
782 1686 835 1762 μὲν
861 1685 931 1767 (sub
956 1685 1060 1767 XXX)
1083 1685 1118 1749 δι’
1140 1683 1253 1763 ἑτέρους

161 1796 323 1869 decideras,
359 1791 596 1863 κατελθόντες
632 1794 666 1856 δὲ
702 1800 947 1871 συκοφαντεῖν
983 1795 1251 1873 ἐπιχειροῦσιν,

162 1903 283 1966 eosdem
306 1903 375 1966 illos
399 1904 496 1979 viros,
522 1901 614 1986 paulo
639 1909 708 1966 ante
732 1905 759 1986 (q
776 1904 829 1987 25)
845 1908 1044 1980 memoratos,
1062 1923 1146 1965 nuuc
1163 1922 1254 1964 accu-

161 2019 276 2076 satores
298 2013 447 2096 respicere
470 2011 622 2075 videntur.

205 2121 277 2184 Iure
307 2121 467 2198 Reiskius‚
500 2121 652 2198 defensio,
683 2122 803 2206 inquit,
828 2121 964 2206 egregia,
991 2114 1167 2197 luculenta,
1191 2119 1255 2204 Ly·

69 2223 75 2228 ’
164 2231 227 2292 siae
256 2230 380 2293 nomine
404 2229 592 2315 dignissima.
639 2230 761 2292 Dobreo
785 2229 947 2293 videbatur
969 2230 1044 2292 haec
1067 2230 1165 2292 oratio
1189 2252 1254 2293 om·

161 2339 248 2402 nium
280 2339 477 2423 Lysiacarum
508 2340 632 2424 optima.
680 2339 736 2417 „Si
767 2340 905 2423 scripsit,
938 2339 1024 2403 addit
1047 2339 1147 2416 idem,
1171 2340 1253 2403 male

163 2448 223 2526 „de
247 2470 278 2511 se
301 2447 408 2532 Lysias
432 2448 597 2525 iudicavit,
622 2449 677 2533 qui
700 2456 792 2511 tenue
816 2471 913 2532 genus
937 2455 1132 2533 sequeretur,
1154 2470 1253 2532 quum

162 2557 308 2641 „grandis
333 2565 364 2620 et
387 2558 529 2641 copiosus
553 2579 617 2620 esse
640 2565 751 2641 posset.
800 2557 903 2620 Pauca
926 2565 1014 2635 sunt,
1032 2580 1109 2641 quse
1125 2557 1253 2641 quidem

162 2666 287 2743 „adhuc
310 2667 454 2750 legerim,
478 2667 536 2730 hoc
551 2667 722 2750 fragmento
738 2667 979 2750 splendidiora.”
1003 2667 1064 2732 Vix
1080 2674 1156 2752 puto
1173 2667 1254 2730 serio

163 2774 201 2838 de
224 2783 347 2838 auctore
363 2776 505 2840 dubitare
520 2776 694 2853 Debreum‚
711 2779 782 2839 nam
798 2777 871 2840 alibi
887 2798 1009 2860 quoque
1028 2777 1138 2860 Lysiae
1154 2776 1254 2840 oratio

162 2884 295 2968 insurgit
315 2907 483 2968 nervosque
499 2885 609 2963 habet,
626 2892 662 2949 ut
680 2887 712 2949 in
728 2908 771 2949 or.
784 2890 898 2950 demina
913 2886 993 2970 (adv.
1002 2885 1254 2970 Theomnastum)

164 3000 194 3055 et
225 2995 397 3056 duodecimo
421 2992 470 3074 (de
493 2991 585 3056 caede
608 2994 794 3078 Eratosth.);
819 2994 857 3059 de
881 3017 943 3078 quo
967 2996 1121 3060 verissime
1145 2995 1253 3059 Cicero

163 3100 287 3163 iudicat.
335 3100 373 3162 In
412 3101 540 3184 reliquis
570 3109 674 3167 autem
704 3104 844 3168 Debreus
876 3112 907 3168 et
938 3104 1174 3169 Rauehenstein.
1209 3105 1254 3187 (in

163 3209 330 3292 prooemio)
362 3232 410 3273 me
441 3210 671 3276 dissentientem
702 3235 764 3277 non
788 3213 955 3277 habebunt.
1003 3213 1137 3276 Tantum
1160 3213 1255 3278 velim

164 3319 298 3394 attendi,
327 3320 352 3381 si
380 3342 498 3404 summa
522 3344 568 3384 ars
592 3323 632 3385 sit
656 3331 750 3386 artem
774 3323 1032 3400 dissimulavisse,
1057 3345 1177 3386 summa
1200 3324 1252 3387 hic

164 3427 261 3490 videri
285 3436 482 3494 consecutum
506 3438 673 3508 oratorem,
699 3432 753 3516 qui
777 3432 863 3495 nullo
887 3440 998 3496 ornatu
1014 3432 1252 3510 sententiarum,

164 3535 257 3599 nullis
281 3537 439 3600 lenociniis
464 3540 642 3617 verborum,
672 3540 759 3603 nulla
781 3540 886 3625 inepta
910 3541 1173 3605 commiseratione
1196 3565 1253 3605 nos

164 3656 228 3707 tam
257 3644 349 3729 longo
380 3648 523 3731 temporis
546 3649 707 3712 intervallo
731 3649 859 3733 abipso
883 3656 1038 3733 separatos
1062 3656 1125 3712 tam
1147 3656 1254 3734 poten·

164 3759 211 3814 ter
233 3753 329 3836 possit
353 3776 550 3820 commovere.

209 3860 323 3925 Rerum
347 3863 506 3948 dispositio
531 3867 697 3931 admodum
720 3868 848 3952 simplex
872 3874 926 3930 est.
959 3869 1162 3934 Accusatores
1182 3871 1252 3948 isti,

163 3971 282 4054 inquit,
315 3981 498 4057 exaggerant
526 3975 638 4040 delicta
662 3998 783 4053 eorum,
815 3977 870 4060 qui
893 3976 949 4040 suh
973 3977 1101 4061 triginta
1124 3979 1197 4042 viris
1221 3980 1253 4043 in

164 4080 240 4144 urhe
270 4095 490 4150 remanserunt.
538 4087 690 4172 Equidem
721 4096 757 4150 ut
786 4086 910 4151 nullum
933 4087 1009 4151 mihi
1033 4109 1141 4172 arrogo
1165 4089 1254 4153 bene-

167 4190 269 4254 ficium
293 4193 325 4256 in
350 4216 402 4257 vos
427 4196 591 4273 collatum,
617 4197 659 4260 ita
683 4196 740 4260 hoe
764 4204 853 4282 peto,
878 4204 914 4260 ut
937 4197 1017 4261 nihil
1033 4197 1136 4261 videar
1151 4198 1184 4262 iu
1200 4221 1253 4262 vos
