<?xml version="1.0" encoding="UTF-8"?>
<!DOCTYPE html PUBLIC "-//W3C//DTD XHTML 1.0 Transitional//EN"
    "http://www.w3.org/TR/xhtml1/DTD/xhtml1-transitional.dtd">
<html xmlns="http://www.w3.org/1999/xhtml" xml:lang="en" lang="en">
 <head>
  <title>
</title>
<meta http-equiv="Content-Type" content="text/html;charset=utf-8" />
  <meta name='ocr-system' content='tesseract 3.04.00' />
  <meta name='ocr-capabilities' content='ocr_page ocr_carea ocr_par ocr_line ocrx_word'/>
</head>
<body>
  <div class='ocr_page' id='page_1' title='image "./commentationesl00frangoog_0198.png"; bbox 0 0 2850 5024; ppageno 0'>
   <div class='ocr_carea' id='block_1_1' title="bbox 735 365 798 425">
    <p class='ocr_par' dir='ltr' id='par_1_1' title="bbox 735 365 798 425">
     <span class='ocr_line' id='line_1_1' title="bbox 735 365 798 425; baseline -0.016 0"><span class='ocrx_word' id='word_1_1' title='bbox 735 365 798 425; x_wconf 87' lang='grc'>186</span> 
     </span>
    </p>
   </div>
   <div class='ocr_carea' id='block_1_2' title="bbox 221 552 1342 3695">
    <p class='ocr_par' dir='ltr' id='par_1_2' title="bbox 223 552 1321 853">
     <span class='ocr_line' id='line_1_2' title="bbox 224 552 1319 637; baseline 0.01 -25"><span class='ocrx_word' id='word_1_2' title='bbox 224 552 342 615; x_wconf 87' lang='lat' dir='ltr'>veniam</span> <span class='ocrx_word' id='word_1_3' title='bbox 373 552 459 632; x_wconf 87' lang='lat' dir='ltr'>date;</span> <span class='ocrx_word' id='word_1_4' title='bbox 492 559 538 620; x_wconf 90' lang='lat' dir='ltr'>sin</span> <span class='ocrx_word' id='word_1_5' title='bbox 569 559 689 635; x_wconf 88' lang='lat' dir='ltr'>miuus,</span> <span class='ocrx_word' id='word_1_6' title='bbox 723 559 879 623; x_wconf 85' lang='lat' dir='ltr'>ferendum</span> <span class='ocrx_word' id='word_1_7' title='bbox 911 560 1038 623; x_wconf 88' lang='lat' dir='ltr'>fortasse</span> <span class='ocrx_word' id='word_1_8' title='bbox 1068 560 1176 637; x_wconf 84' lang='lat' dir='ltr'>fuerit,</span> <span class='ocrx_word' id='word_1_9' title='bbox 1204 562 1319 625; x_wconf 87' lang='lat' dir='ltr'>noxios</span> 
     </span>
     <span class='ocr_line' id='line_1_3' title="bbox 224 660 1321 753; baseline 0.01 -31"><span class='ocrx_word' id='word_1_10' title='bbox 224 660 314 724; x_wconf 91' lang='lat' dir='ltr'>etiam</span> <span class='ocrx_word' id='word_1_11' title='bbox 337 685 420 726; x_wconf 90' lang='lat' dir='ltr'>nuno</span> <span class='ocrx_word' id='word_1_12' title='bbox 443 666 562 747; x_wconf 88' lang='lat' dir='ltr'>puniri,</span> <span class='ocrx_word' id='word_1_13' title='bbox 587 689 649 729; x_wconf 90' lang='lat' dir='ltr'>non</span> <span class='ocrx_word' id='word_1_14' title='bbox 673 667 849 745; x_wconf 89' lang='lat' dir='ltr'>ferendum,</span> <span class='ocrx_word' id='word_1_15' title='bbox 873 691 926 731; x_wconf 86' lang='lat' dir='ltr'>vos</span> <span class='ocrx_word' id='word_1_16' title='bbox 943 670 1114 753; x_wconf 82' lang='lat' dir='ltr'>promiscue</span> <span class='ocrx_word' id='word_1_17' title='bbox 1130 691 1236 733; x_wconf 88' lang='lat' dir='ltr'>omnes</span> <span class='ocrx_word' id='word_1_18' title='bbox 1254 670 1321 733; x_wconf 88' lang='lat' dir='ltr'>lae·</span> 
     </span>
     <span class='ocr_line' id='line_1_4' title="bbox 223 768 747 853; baseline 0.017 -22"><span class='ocrx_word' id='word_1_19' title='bbox 223 768 310 852; x_wconf 88' lang='lat' dir='ltr'>dere,</span> <span class='ocrx_word' id='word_1_20' title='bbox 336 773 445 853; x_wconf 91' lang='lat' dir='ltr'>quiin</span> <span class='ocrx_word' id='word_1_21' title='bbox 469 774 544 837; x_wconf 90' lang='lat' dir='ltr'>urbe</span> <span class='ocrx_word' id='word_1_22' title='bbox 569 777 747 840; x_wconf 80' lang='lat' dir='ltr'><strong>manserint.</strong></span> 
     </span>
    </p>

    <p class='ocr_par' dir='ltr' id='par_1_3' title="bbox 221 880 1342 3045">
     <span class='ocr_line' id='line_1_5' title="bbox 268 880 1320 971; baseline 0.01 -31"><span class='ocrx_word' id='word_1_23' title='bbox 268 880 404 963; x_wconf 81' lang='lat' dir='ltr'><strong>Apparet</strong></span> <span class='ocrx_word' id='word_1_24' title='bbox 427 904 463 944; x_wconf 84' lang='lat' dir='ltr'>ex</span> <span class='ocrx_word' id='word_1_25' title='bbox 487 882 550 960; x_wconf 91' lang='lat' dir='ltr'>his,</span> <span class='ocrx_word' id='word_1_26' title='bbox 579 906 634 947; x_wconf 88' lang='lat' dir='ltr'>nee</span> <span class='ocrx_word' id='word_1_27' title='bbox 657 886 833 949; x_wconf 82' lang='lat' dir='ltr'>inventione</span> <span class='ocrx_word' id='word_1_28' title='bbox 858 909 913 949; x_wconf 86' lang='lat' dir='ltr'>nec</span> <span class='ocrx_word' id='word_1_29' title='bbox 936 894 1185 970; x_wconf 85' lang='lat' dir='ltr'>argumentorum</span> <span class='ocrx_word' id='word_1_30' title='bbox 1210 886 1320 971; x_wconf 91' lang='lat' dir='ltr'>dispo-</span> 
     </span>
     <span class='ocr_line' id='line_1_6' title="bbox 223 988 1318 1079; baseline 0.009 -30"><span class='ocrx_word' id='word_1_31' title='bbox 223 988 333 1051; x_wconf 81' lang='lat' dir='ltr'>sitione</span> <span class='ocrx_word' id='word_1_32' title='bbox 357 1012 541 1074; x_wconf 81' lang='lat' dir='ltr'>magnopere</span> <span class='ocrx_word' id='word_1_33' title='bbox 560 992 638 1056; x_wconf 87' lang='lat' dir='ltr'>hane</span> <span class='ocrx_word' id='word_1_34' title='bbox 655 995 822 1057; x_wconf 87' lang='lat' dir='ltr'>orationem</span> <span class='ocrx_word' id='word_1_35' title='bbox 839 994 965 1079; x_wconf 87' lang='lat' dir='ltr'>reliquis</span> <span class='ocrx_word' id='word_1_36' title='bbox 982 996 1138 1059; x_wconf 86' lang='lat' dir='ltr'>excellere.</span> <span class='ocrx_word' id='word_1_37' title='bbox 1162 996 1205 1058; x_wconf 77' lang='lat' dir='ltr'>Ee</span> <span class='ocrx_word' id='word_1_38' title='bbox 1221 1018 1318 1058; x_wconf 87' lang='lat' dir='ltr'>eausa</span> 
     </span>
     <span class='ocr_line' id='line_1_7' title="bbox 222 1098 1315 1188; baseline 0.008 -30"><span class='ocrx_word' id='word_1_39' title='bbox 222 1103 287 1159; x_wconf 90' lang='lat' dir='ltr'>erat</span> <span class='ocrx_word' id='word_1_40' title='bbox 309 1098 352 1160; x_wconf 87' lang='lat' dir='ltr'>ita</span> <span class='ocrx_word' id='word_1_41' title='bbox 375 1099 502 1183; x_wconf 84' lang='lat' dir='ltr'>simplex</span> <span class='ocrx_word' id='word_1_42' title='bbox 519 1109 550 1164; x_wconf 81' lang='lat' dir='ltr'>et</span> <span class='ocrx_word' id='word_1_43' title='bbox 566 1111 685 1186; x_wconf 89' lang='lat' dir='ltr'>aperta,</span> <span class='ocrx_word' id='word_1_44' title='bbox 706 1110 742 1166; x_wconf 90' lang='lat' dir='ltr'>ut</span> <span class='ocrx_word' id='word_1_45' title='bbox 757 1125 868 1187; x_wconf 84' lang='lat' dir='ltr'>magno</span> <span class='ocrx_word' id='word_1_46' title='bbox 885 1104 1024 1167; x_wconf 84' lang='lat' dir='ltr'>acumine</span> <span class='ocrx_word' id='word_1_47' title='bbox 1040 1126 1102 1168; x_wconf 90' lang='lat' dir='ltr'>non</span> <span class='ocrx_word' id='word_1_48' title='bbox 1121 1127 1198 1188; x_wconf 91' lang='lat' dir='ltr'>opus</span> <span class='ocrx_word' id='word_1_49' title='bbox 1215 1112 1315 1181; x_wconf 90' lang='lat' dir='ltr'>esset,</span> 
     </span>
     <span class='ocr_line' id='line_1_8' title="bbox 221 1205 1317 1298; baseline 0.007 -30"><span class='ocrx_word' id='word_1_50' title='bbox 221 1205 343 1289; x_wconf 83' lang='lat' dir='ltr'>singula</span> <span class='ocrx_word' id='word_1_51' title='bbox 375 1210 462 1291; x_wconf 89' lang='lat' dir='ltr'>quasi</span> <span class='ocrx_word' id='word_1_52' title='bbox 489 1218 597 1294; x_wconf 91' lang='lat' dir='ltr'>sponte</span> <span class='ocrx_word' id='word_1_53' title='bbox 622 1213 779 1294; x_wconf 86' lang='lat' dir='ltr'>profluunt</span> <span class='ocrx_word' id='word_1_54' title='bbox 803 1235 839 1275; x_wconf 82' lang='lat' dir='ltr'>ex</span> <span class='ocrx_word' id='word_1_55' title='bbox 863 1214 1016 1296; x_wconf 91' lang='lat' dir='ltr'>aequitate</span> <span class='ocrx_word' id='word_1_56' title='bbox 1041 1222 1072 1277; x_wconf 91' lang='lat' dir='ltr'>et</span> <span class='ocrx_word' id='word_1_57' title='bbox 1095 1213 1232 1278; x_wconf 90' lang='lat' dir='ltr'>utilitate</span> <span class='ocrx_word' id='word_1_58' title='bbox 1259 1237 1317 1298; x_wconf 91' lang='lat' dir='ltr'>pu-</span> 
     </span>
     <span class='ocr_line' id='line_1_9' title="bbox 221 1312 1316 1407; baseline 0.011 -32"><span class='ocrx_word' id='word_1_59' title='bbox 221 1312 309 1377; x_wconf 86' lang='lat' dir='ltr'>bliea.</span> <span class='ocrx_word' id='word_1_60' title='bbox 357 1314 449 1394; x_wconf 78' lang='lat' dir='ltr'>Quod</span> <span class='ocrx_word' id='word_1_61' title='bbox 474 1319 499 1381; x_wconf 93' lang='lat' dir='ltr'>si</span> <span class='ocrx_word' id='word_1_62' title='bbox 523 1321 715 1403; x_wconf 80' lang='lat' dir='ltr'>quaerimus,</span> <span class='ocrx_word' id='word_1_63' title='bbox 741 1321 817 1405; x_wconf 90' lang='lat' dir='ltr'>quid</span> <span class='ocrx_word' id='word_1_64' title='bbox 833 1323 874 1386; x_wconf 89' lang='lat' dir='ltr'>sit</span> <span class='ocrx_word' id='word_1_65' title='bbox 889 1323 974 1405; x_wconf 90' lang='lat' dir='ltr'>quod</span> <span class='ocrx_word' id='word_1_66' title='bbox 990 1323 1134 1387; x_wconf 81' lang='lat' dir='ltr'>lectorem</span> <span class='ocrx_word' id='word_1_67' title='bbox 1150 1331 1316 1407; x_wconf 80' lang='lat' dir='ltr'>tantopere</span> 
     </span>
     <span class='ocr_line' id='line_1_10' title="bbox 222 1427 1315 1512; baseline 0.009 -28"><span class='ocrx_word' id='word_1_68' title='bbox 222 1429 341 1500; x_wconf 90' lang='lat' dir='ltr'>teneat,</span> <span class='ocrx_word' id='word_1_69' title='bbox 379 1427 618 1505; x_wconf 89' lang='lat' dir='ltr'>sententiarum,</span> <span class='ocrx_word' id='word_1_70' title='bbox 655 1430 780 1512; x_wconf 91' lang='lat' dir='ltr'>opinor,</span> <span class='ocrx_word' id='word_1_71' title='bbox 814 1431 924 1494; x_wconf 88' lang='lat' dir='ltr'>veritas</span> <span class='ocrx_word' id='word_1_72' title='bbox 953 1440 1000 1495; x_wconf 93' lang='lat' dir='ltr'>est</span> <span class='ocrx_word' id='word_1_73' title='bbox 1029 1439 1060 1495; x_wconf 90' lang='lat' dir='ltr'>et</span> <span class='ocrx_word' id='word_1_74' title='bbox 1091 1432 1315 1496; x_wconf 81' lang='lat' dir='ltr'>admonitionis</span> 
     </span>
     <span class='ocr_line' id='line_1_11' title="bbox 221 1532 1315 1626; baseline 0.009 -32"><span class='ocrx_word' id='word_1_75' title='bbox 221 1532 394 1616; x_wconf 90' lang='lat' dir='ltr'>prudentia.</span> <span class='ocrx_word' id='word_1_76' title='bbox 441 1535 488 1598; x_wconf 78' lang='lat' dir='ltr'>Ex</span> <span class='ocrx_word' id='word_1_77' title='bbox 511 1537 637 1620; x_wconf 88' lang='lat' dir='ltr'>reliquis</span> <span class='ocrx_word' id='word_1_78' title='bbox 662 1539 779 1616; x_wconf 84' lang='lat' dir='ltr'>causis,</span> <span class='ocrx_word' id='word_1_79' title='bbox 802 1561 877 1622; x_wconf 91' lang='lat' dir='ltr'>quas</span> <span class='ocrx_word' id='word_1_80' title='bbox 893 1543 1037 1605; x_wconf 86' lang='lat' dir='ltr'>tractavit</span> <span class='ocrx_word' id='word_1_81' title='bbox 1051 1540 1177 1626; x_wconf 85' lang='lat' dir='ltr'>Lysias,</span> <span class='ocrx_word' id='word_1_82' title='bbox 1193 1541 1315 1605; x_wconf 87' lang='lat' dir='ltr'>multae</span> 
     </span>
     <span class='ocr_line' id='line_1_12' title="bbox 222 1643 1316 1735; baseline 0.012 -33"><span class='ocrx_word' id='word_1_83' title='bbox 222 1649 295 1704; x_wconf 90' lang='lat' dir='ltr'>sunt</span> <span class='ocrx_word' id='word_1_84' title='bbox 318 1643 432 1707; x_wconf 86' lang='lat' dir='ltr'>sutiles.</span> <span class='ocrx_word' id='word_1_85' title='bbox 468 1645 518 1709; x_wconf 82' lang='lat' dir='ltr'>Ad</span> <span class='ocrx_word' id='word_1_86' title='bbox 543 1669 592 1710; x_wconf 90' lang='lat' dir='ltr'>eas</span> <span class='ocrx_word' id='word_1_87' title='bbox 616 1647 798 1712; x_wconf 89' lang='lat' dir='ltr'>obtinendas</span> <span class='ocrx_word' id='word_1_88' title='bbox 822 1673 911 1733; x_wconf 87' lang='lat' dir='ltr'>saepe</span> <span class='ocrx_word' id='word_1_89' title='bbox 935 1658 1117 1734; x_wconf 82' lang='lat' dir='ltr'>argumenta</span> <span class='ocrx_word' id='word_1_90' title='bbox 1140 1659 1228 1714; x_wconf 90' lang='lat' dir='ltr'>erant</span> <span class='ocrx_word' id='word_1_91' title='bbox 1244 1673 1316 1735; x_wconf 91' lang='lat' dir='ltr'>pro·</span> 
     </span>
     <span class='ocr_line' id='line_1_13' title="bbox 221 1750 1314 1845; baseline 0.012 -33"><span class='ocrx_word' id='word_1_92' title='bbox 221 1750 331 1813; x_wconf 90' lang='lat' dir='ltr'>menda</span> <span class='ocrx_word' id='word_1_93' title='bbox 361 1762 470 1836; x_wconf 85' lang='lat' dir='ltr'>arguta</span> <span class='ocrx_word' id='word_1_94' title='bbox 497 1764 528 1819; x_wconf 91' lang='lat' dir='ltr'>et</span> <span class='ocrx_word' id='word_1_95' title='bbox 550 1765 704 1835; x_wconf 83' lang='lat' dir='ltr'>contorta,</span> <span class='ocrx_word' id='word_1_96' title='bbox 730 1781 808 1842; x_wconf 89' lang='lat' dir='ltr'>quae</span> <span class='ocrx_word' id='word_1_97' title='bbox 832 1760 960 1824; x_wconf 87' lang='lat' dir='ltr'>lectores</span> <span class='ocrx_word' id='word_1_98' title='bbox 985 1761 1110 1845; x_wconf 90' lang='lat' dir='ltr'>quidem</span> <span class='ocrx_word' id='word_1_99' title='bbox 1133 1782 1195 1824; x_wconf 91' lang='lat' dir='ltr'>non</span> <span class='ocrx_word' id='word_1_100' title='bbox 1220 1761 1314 1825; x_wconf 83' lang='lat' dir='ltr'>faoile</span> 
     </span>
     <span class='ocr_line' id='line_1_14' title="bbox 222 1858 1312 1951; baseline 0.008 -27"><span class='ocrx_word' id='word_1_101' title='bbox 222 1858 261 1924; x_wconf 86' lang='lat' dir='ltr'>ed</span> <span class='ocrx_word' id='word_1_102' title='bbox 285 1882 441 1927; x_wconf 84' lang='lat' dir='ltr'>assensum</span> <span class='ocrx_word' id='word_1_103' title='bbox 464 1874 591 1951; x_wconf 82' lang='lat' dir='ltr'>cogant,</span> <span class='ocrx_word' id='word_1_104' title='bbox 618 1870 758 1951; x_wconf 90' lang='lat' dir='ltr'>quamvis</span> <span class='ocrx_word' id='word_1_105' title='bbox 782 1871 960 1947; x_wconf 73' lang='lat' dir='ltr'>artificiosa,</span> <span class='ocrx_word' id='word_1_106' title='bbox 985 1871 1059 1933; x_wconf 88' lang='lat' dir='ltr'>haee</span> <span class='ocrx_word' id='word_1_107' title='bbox 1084 1871 1181 1932; x_wconf 91' lang='lat' dir='ltr'>oratio</span> <span class='ocrx_word' id='word_1_108' title='bbox 1203 1892 1312 1933; x_wconf 89' lang='lat' dir='ltr'>omnes</span> 
     </span>
     <span class='ocr_line' id='line_1_15' title="bbox 222 1973 1313 2061; baseline 0.005 -24"><span class='ocrx_word' id='word_1_109' title='bbox 222 1973 315 2038; x_wconf 90' lang='lat' dir='ltr'>habet</span> <span class='ocrx_word' id='word_1_110' title='bbox 345 1998 488 2041; x_wconf 88' lang='lat' dir='ltr'>numeros</span> <span class='ocrx_word' id='word_1_111' title='bbox 518 1978 671 2054; x_wconf 85' lang='lat' dir='ltr'>veritatis;</span> <span class='ocrx_word' id='word_1_112' title='bbox 704 2000 790 2040; x_wconf 92' lang='lat' dir='ltr'>suam</span> <span class='ocrx_word' id='word_1_113' title='bbox 820 1979 885 2061; x_wconf 90' lang='lat' dir='ltr'>ipse</span> <span class='ocrx_word' id='word_1_114' title='bbox 909 1979 1092 2043; x_wconf 88' lang='lat' dir='ltr'>sententiam</span> <span class='ocrx_word' id='word_1_115' title='bbox 1114 1977 1223 2061; x_wconf 83' lang='lat' dir='ltr'>Lysias</span> <span class='ocrx_word' id='word_1_116' title='bbox 1248 1979 1313 2042; x_wconf 93' lang='lat' dir='ltr'>elo-</span> 
     </span>
     <span class='ocr_line' id='line_1_16' title="bbox 224 2085 1311 2170; baseline 0.002 -23"><span class='ocrx_word' id='word_1_117' title='bbox 224 2086 345 2166; x_wconf 83' lang='lat' dir='ltr'>quitur3</span> <span class='ocrx_word' id='word_1_118' title='bbox 370 2107 456 2149; x_wconf 88' lang='lat' dir='ltr'>verae</span> <span class='ocrx_word' id='word_1_119' title='bbox 480 2091 526 2148; x_wconf 90' lang='lat' dir='ltr'>est</span> <span class='ocrx_word' id='word_1_120' title='bbox 549 2085 789 2169; x_wconf 79' lang='lat' dir='ltr'>indignationis,</span> <span class='ocrx_word' id='word_1_121' title='bbox 813 2087 940 2150; x_wconf 90' lang='lat' dir='ltr'>intimae</span> <span class='ocrx_word' id='word_1_122' title='bbox 964 2087 1077 2170; x_wconf 90' lang='lat' dir='ltr'>ubique</span> <span class='ocrx_word' id='word_1_123' title='bbox 1101 2088 1311 2170; x_wconf 86' lang='lat' dir='ltr'>persuasionis</span> 
     </span>
     <span class='ocr_line' id='line_1_17' title="bbox 224 2194 1315 2280; baseline 0.002 -23"><span class='ocrx_word' id='word_1_124' title='bbox 224 2195 324 2279; x_wconf 87' lang='lat' dir='ltr'>plena.</span> <span class='ocrx_word' id='word_1_125' title='bbox 371 2194 437 2259; x_wconf 91' lang='lat' dir='ltr'>Nee</span> <span class='ocrx_word' id='word_1_126' title='bbox 460 2202 582 2258; x_wconf 90' lang='lat' dir='ltr'>tantum</span> <span class='ocrx_word' id='word_1_127' title='bbox 606 2218 693 2258; x_wconf 89' lang='lat' dir='ltr'>suam</span> <span class='ocrx_word' id='word_1_128' title='bbox 717 2217 839 2259; x_wconf 87' lang='lat' dir='ltr'>eausam</span> <span class='ocrx_word' id='word_1_129' title='bbox 863 2202 1037 2280; x_wconf 83' lang='lat' dir='ltr'>propugnat</span> <span class='ocrx_word' id='word_1_130' title='bbox 1060 2219 1129 2259; x_wconf 88' lang='lat' dir='ltr'>reus</span> <span class='ocrx_word' id='word_1_131' title='bbox 1153 2195 1206 2258; x_wconf 90' lang='lat' dir='ltr'>sed</span> <span class='ocrx_word' id='word_1_132' title='bbox 1231 2218 1315 2259; x_wconf 87' lang='lat' dir='ltr'>eom·</span> 
     </span>
     <span class='ocr_line' id='line_1_18' title="bbox 223 2305 1312 2382; baseline 0.001 -15"><span class='ocrx_word' id='word_1_133' title='bbox 223 2326 347 2368; x_wconf 91' lang='lat' dir='ltr'>munem</span> <span class='ocrx_word' id='word_1_134' title='bbox 371 2306 484 2369; x_wconf 89' lang='lat' dir='ltr'>civium</span> <span class='ocrx_word' id='word_1_135' title='bbox 500 2306 639 2369; x_wconf 85' lang='lat' dir='ltr'>salutem.</span> <span class='ocrx_word' id='word_1_136' title='bbox 664 2305 800 2369; x_wconf 91' lang='lat' dir='ltr'>Omnino</span> <span class='ocrx_word' id='word_1_137' title='bbox 816 2305 849 2368; x_wconf 92' lang='lat' dir='ltr'>in</span> <span class='ocrx_word' id='word_1_138' title='bbox 866 2305 923 2368; x_wconf 88' lang='lat' dir='ltr'>hae</span> <span class='ocrx_word' id='word_1_139' title='bbox 940 2305 1077 2368; x_wconf 88' lang='lat' dir='ltr'>oratioue</span> <span class='ocrx_word' id='word_1_140' title='bbox 1094 2305 1183 2369; x_wconf 91' lang='lat' dir='ltr'>nobis</span> <span class='ocrx_word' id='word_1_141' title='bbox 1199 2305 1294 2369; x_wconf 87' lang='lat' dir='ltr'>datur</span> <span class='ocrx_word' id='word_1_142' title='bbox 1302 2353 1312 2382; x_wconf 92' lang='lat'>,</span> 
     </span>
     <span class='ocr_line' id='line_1_19' title="bbox 224 2397 1342 2499; baseline 0.003 -24"><span class='ocrx_word' id='word_1_143' title='bbox 224 2413 307 2497; x_wconf 93' lang='lat' dir='ltr'>quod</span> <span class='ocrx_word' id='word_1_144' title='bbox 338 2415 371 2477; x_wconf 90' lang='lat' dir='ltr'>in</span> <span class='ocrx_word' id='word_1_145' title='bbox 401 2414 555 2499; x_wconf 89' lang='lat' dir='ltr'>plerisque</span> <span class='ocrx_word' id='word_1_146' title='bbox 582 2415 651 2479; x_wconf 90' lang='lat' dir='ltr'>aliis</span> <span class='ocrx_word' id='word_1_147' title='bbox 674 2422 821 2498; x_wconf 85' lang='lat' dir='ltr'>negatur,</span> <span class='ocrx_word' id='word_1_148' title='bbox 846 2422 883 2477; x_wconf 92' lang='lat' dir='ltr'>ut</span> <span class='ocrx_word' id='word_1_149' title='bbox 906 2413 944 2476; x_wconf 91' lang='lat' dir='ltr'>de</span> <span class='ocrx_word' id='word_1_150' title='bbox 967 2415 1128 2477; x_wconf 90' lang='lat' dir='ltr'>universae</span> <span class='ocrx_word' id='word_1_151' title='bbox 1149 2436 1315 2498; x_wconf 82' lang='lat' dir='ltr'>argumen·</span> <span class='ocrx_word' id='word_1_152' title='bbox 1340 2397 1342 2399; x_wconf 66' lang='lat'>‚</span> 
     </span>
     <span class='ocr_line' id='line_1_20' title="bbox 223 2523 1315 2608; baseline 0.001 -23"><span class='ocrx_word' id='word_1_153' title='bbox 223 2523 349 2586; x_wconf 90' lang='lat' dir='ltr'>tationis</span> <span class='ocrx_word' id='word_1_154' title='bbox 379 2525 410 2587; x_wconf 89' lang='lat' dir='ltr'>vi</span> <span class='ocrx_word' id='word_1_155' title='bbox 439 2532 469 2588; x_wconf 89' lang='lat' dir='ltr'>et</span> <span class='ocrx_word' id='word_1_156' title='bbox 499 2525 630 2589; x_wconf 89' lang='lat' dir='ltr'>effieaeia</span> <span class='ocrx_word' id='word_1_157' title='bbox 661 2524 812 2608; x_wconf 90' lang='lat' dir='ltr'>possimus</span> <span class='ocrx_word' id='word_1_158' title='bbox 835 2523 981 2588; x_wconf 90' lang='lat' dir='ltr'>iudicare.</span> <span class='ocrx_word' id='word_1_159' title='bbox 1027 2524 1069 2587; x_wconf 78' lang='lat' dir='ltr'>ut</span> <span class='ocrx_word' id='word_1_160' title='bbox 1092 2523 1194 2587; x_wconf 86' lang='lat' dir='ltr'>videre</span> <span class='ocrx_word' id='word_1_161' title='bbox 1221 2523 1315 2601; x_wconf 87' lang='lat' dir='ltr'>lieet,</span> 
     </span>
     <span class='ocr_line' id='line_1_21' title="bbox 225 2632 1315 2717; baseline 0.002 -23"><span class='ocrx_word' id='word_1_162' title='bbox 225 2639 340 2714; x_wconf 89' lang='lat' dir='ltr'>quanto</span> <span class='ocrx_word' id='word_1_163' title='bbox 369 2633 466 2717; x_wconf 88' lang='lat' dir='ltr'>magis</span> <span class='ocrx_word' id='word_1_164' title='bbox 498 2633 587 2696; x_wconf 91' lang='lat' dir='ltr'>nobis</span> <span class='ocrx_word' id='word_1_165' title='bbox 619 2633 783 2716; x_wconf 83' lang='lat' dir='ltr'>placuisset</span> <span class='ocrx_word' id='word_1_166' title='bbox 816 2632 944 2716; x_wconf 83' lang='lat' dir='ltr'>Lysias,</span> <span class='ocrx_word' id='word_1_167' title='bbox 977 2633 1003 2695; x_wconf 90' lang='lat' dir='ltr'>si</span> <span class='ocrx_word' id='word_1_168' title='bbox 1027 2634 1149 2716; x_wconf 87' lang='lat' dir='ltr'>saepius</span> <span class='ocrx_word' id='word_1_169' title='bbox 1172 2633 1315 2717; x_wconf 82' lang='lat' dir='ltr'>graviora</span> 
     </span>
     <span class='ocr_line' id='line_1_22' title="bbox 224 2741 1313 2827; baseline 0.002 -25"><span class='ocrx_word' id='word_1_170' title='bbox 224 2748 402 2824; x_wconf 81' lang='lat' dir='ltr'>argumenta</span> <span class='ocrx_word' id='word_1_171' title='bbox 430 2742 477 2804; x_wconf 90' lang='lat' dir='ltr'>illi</span> <span class='ocrx_word' id='word_1_172' title='bbox 508 2742 722 2827; x_wconf 86' lang='lat' dir='ltr'>pertractanda</span> <span class='ocrx_word' id='word_1_173' title='bbox 745 2742 889 2818; x_wconf 77' lang='lat' dir='ltr'>fuissent,</span> <span class='ocrx_word' id='word_1_174' title='bbox 915 2754 945 2804; x_wconf 91' lang='lat' dir='ltr'>et</span> <span class='ocrx_word' id='word_1_175' title='bbox 968 2743 1150 2805; x_wconf 84' lang='lat' dir='ltr'>tenuitatem</span> <span class='ocrx_word' id='word_1_176' title='bbox 1172 2741 1313 2816; x_wconf 86' lang='lat' dir='ltr'>dicendi,</span> 
     </span>
     <span class='ocr_line' id='line_1_23' title="bbox 224 2850 1314 2934; baseline 0.002 -22"><span class='ocrx_word' id='word_1_177' title='bbox 224 2869 302 2931; x_wconf 91' lang='lat' dir='ltr'>quae</span> <span class='ocrx_word' id='word_1_178' title='bbox 333 2851 462 2915; x_wconf 89' lang='lat' dir='ltr'>subinde</span> <span class='ocrx_word' id='word_1_179' title='bbox 490 2853 586 2916; x_wconf 90' lang='lat' dir='ltr'>nimia</span> <span class='ocrx_word' id='word_1_180' title='bbox 614 2851 771 2929; x_wconf 84' lang='lat' dir='ltr'>videatur,</span> <span class='ocrx_word' id='word_1_181' title='bbox 804 2873 867 2914; x_wconf 88' lang='lat' dir='ltr'>non</span> <span class='ocrx_word' id='word_1_182' title='bbox 897 2852 1068 2934; x_wconf 89' lang='lat' dir='ltr'>imperitiae</span> <span class='ocrx_word' id='word_1_183' title='bbox 1099 2851 1230 2915; x_wconf 90' lang='lat' dir='ltr'>oratoris</span> <span class='ocrx_word' id='word_1_184' title='bbox 1261 2850 1314 2914; x_wconf 93' lang='lat' dir='ltr'>de-</span> 
     </span>
     <span class='ocr_line' id='line_1_24' title="bbox 223 2959 1129 3045; baseline 0.002 -23"><span class='ocrx_word' id='word_1_185' title='bbox 223 2959 305 3037; x_wconf 91' lang='lat' dir='ltr'>beri,</span> <span class='ocrx_word' id='word_1_186' title='bbox 330 2961 383 3024; x_wconf 93' lang='lat' dir='ltr'>sed</span> <span class='ocrx_word' id='word_1_187' title='bbox 407 2984 443 3024; x_wconf 83' lang='lat' dir='ltr'>ex</span> <span class='ocrx_word' id='word_1_188' title='bbox 466 2963 639 3045; x_wconf 84' lang='lat' dir='ltr'>argumenti</span> <span class='ocrx_word' id='word_1_189' title='bbox 662 2961 812 3025; x_wconf 88' lang='lat' dir='ltr'>tenuitate</span> <span class='ocrx_word' id='word_1_190' title='bbox 837 2982 900 3022; x_wconf 90' lang='lat' dir='ltr'>esse</span> <span class='ocrx_word' id='word_1_191' title='bbox 924 2959 1129 3042; x_wconf 89' lang='lat' dir='ltr'>repetendam.</span> 
     </span>
    </p>

    <p class='ocr_par' dir='ltr' id='par_1_4' title="bbox 223 3068 1315 3695">
     <span class='ocr_line' id='line_1_25' title="bbox 267 3068 1314 3154; baseline 0 -23"><span class='ocrx_word' id='word_1_192' title='bbox 267 3070 409 3154; x_wconf 82' lang='lat' dir='ltr'>Agnosco</span> <span class='ocrx_word' id='word_1_193' title='bbox 440 3071 536 3154; x_wconf 86' lang='lat' dir='ltr'>igitur·</span> <span class='ocrx_word' id='word_1_194' title='bbox 567 3093 627 3134; x_wconf 91' lang='lat' dir='ltr'>non</span> <span class='ocrx_word' id='word_1_195' title='bbox 656 3077 718 3133; x_wconf 87' lang='lat' dir='ltr'>tam</span> <span class='ocrx_word' id='word_1_196' title='bbox 742 3069 887 3133; x_wconf 91' lang='lat' dir='ltr'>maiorem</span> <span class='ocrx_word' id='word_1_197' title='bbox 912 3077 1025 3145; x_wconf 89' lang='lat' dir='ltr'>artem,</span> <span class='ocrx_word' id='word_1_198' title='bbox 1050 3090 1142 3151; x_wconf 92' lang='lat' dir='ltr'>qnam</span> <span class='ocrx_word' id='word_1_199' title='bbox 1166 3068 1314 3131; x_wconf 91' lang='lat' dir='ltr'>maiorem</span> 
     </span>
     <span class='ocr_line' id='line_1_26' title="bbox 223 3177 1315 3269; baseline -0.002 -28"><span class='ocrx_word' id='word_1_200' title='bbox 223 3179 381 3243; x_wconf 88' lang='lat' dir='ltr'>veritatem</span> <span class='ocrx_word' id='word_1_201' title='bbox 412 3186 443 3243; x_wconf 89' lang='lat' dir='ltr'>et</span> <span class='ocrx_word' id='word_1_202' title='bbox 470 3180 599 3243; x_wconf 86' lang='lat' dir='ltr'>dicentis</span> <span class='ocrx_word' id='word_1_203' title='bbox 624 3180 822 3263; x_wconf 84' lang='lat' dir='ltr'>dignitatem,</span> <span class='ocrx_word' id='word_1_204' title='bbox 853 3185 957 3241; x_wconf 87' lang='lat' dir='ltr'>natam</span> <span class='ocrx_word' id='word_1_205' title='bbox 980 3199 1017 3240; x_wconf 88' lang='lat' dir='ltr'>ex</span> <span class='ocrx_word' id='word_1_206' title='bbox 1040 3177 1315 3269; x_wconf 81' lang='lat' dir='ltr'>utilitatispubli-</span> 
     </span>
     <span class='ocr_line' id='line_1_27' title="bbox 224 3285 1311 3372; baseline -0.003 -21"><span class='ocrx_word' id='word_1_207' title='bbox 224 3310 276 3351; x_wconf 88' lang='lat' dir='ltr'>eae</span> <span class='ocrx_word' id='word_1_208' title='bbox 298 3289 513 3372; x_wconf 81' lang='lat' dir='ltr'>perspicientia</span> <span class='ocrx_word' id='word_1_209' title='bbox 536 3299 566 3353; x_wconf 90' lang='lat' dir='ltr'>et</span> <span class='ocrx_word' id='word_1_210' title='bbox 590 3289 691 3353; x_wconf 90' lang='lat' dir='ltr'>studio</span> <span class='ocrx_word' id='word_1_211' title='bbox 714 3287 929 3371; x_wconf 83' lang='lat' dir='ltr'>reipublicae.</span> <span class='ocrx_word' id='word_1_212' title='bbox 954 3285 1000 3348; x_wconf 82' lang='lat' dir='ltr'>Ex</span> <span class='ocrx_word' id='word_1_213' title='bbox 1018 3308 1080 3369; x_wconf 91' lang='lat' dir='ltr'>quo</span> <span class='ocrx_word' id='word_1_214' title='bbox 1096 3286 1201 3349; x_wconf 85' lang='lat' dir='ltr'>studio</span> <span class='ocrx_word' id='word_1_215' title='bbox 1218 3286 1311 3349; x_wconf 89' lang='lat' dir='ltr'>etiam</span> 
     </span>
     <span class='ocr_line' id='line_1_28' title="bbox 224 3396 1314 3483; baseline -0.004 -23"><span class='ocrx_word' id='word_1_216' title='bbox 224 3397 312 3460; x_wconf 76' lang='lat' dir='ltr'>facile</span> <span class='ocrx_word' id='word_1_217' title='bbox 345 3398 514 3482; x_wconf 83' lang='lat' dir='ltr'>explicatur</span> <span class='ocrx_word' id='word_1_218' title='bbox 543 3399 624 3483; x_wconf 93' lang='lat' dir='ltr'>quod</span> <span class='ocrx_word' id='word_1_219' title='bbox 656 3398 782 3461; x_wconf 90' lang='lat' dir='ltr'>eandem</span> <span class='ocrx_word' id='word_1_220' title='bbox 815 3396 999 3460; x_wconf 87' lang='lat' dir='ltr'>sententiam</span> <span class='ocrx_word' id='word_1_221' title='bbox 1030 3417 1136 3478; x_wconf 89' lang='lat' dir='ltr'>parum</span> <span class='ocrx_word' id='word_1_222' title='bbox 1160 3402 1314 3457; x_wconf 89' lang='lat' dir='ltr'>mutatam</span> 
     </span>
     <span class='ocr_line' id='line_1_29' title="bbox 225 3502 1312 3590; baseline -0.002 -22"><span class='ocrx_word' id='word_1_223' title='bbox 225 3505 356 3570; x_wconf 89' lang='lat' dir='ltr'>subinde</span> <span class='ocrx_word' id='word_1_224' title='bbox 379 3508 490 3590; x_wconf 90' lang='lat' dir='ltr'>repetit</span> <span class='ocrx_word' id='word_1_225' title='bbox 513 3507 572 3589; x_wconf 80' lang='lat' dir='ltr'><strong>(Of.</strong></span> <span class='ocrx_word' id='word_1_226' title='bbox 600 3510 640 3569; x_wconf 75' lang='lat'>14</span> <span class='ocrx_word' id='word_1_227' title='bbox 665 3513 695 3569; x_wconf 90' lang='lat' dir='ltr'>et</span> <span class='ocrx_word' id='word_1_228' title='bbox 721 3509 778 3582; x_wconf 80' lang='lat'>16,</span> <span class='ocrx_word' id='word_1_229' title='bbox 805 3507 822 3567; x_wconf 85' lang='lat'>5</span> <span class='ocrx_word' id='word_1_230' title='bbox 848 3510 879 3568; x_wconf 89' lang='lat' dir='ltr'>et</span> <span class='ocrx_word' id='word_1_231' title='bbox 905 3506 944 3567; x_wconf 82' lang='lat'>18</span> <span class='ocrx_word' id='word_1_232' title='bbox 970 3504 1027 3568; x_wconf 90' lang='lat' dir='ltr'>sub</span> <span class='ocrx_word' id='word_1_233' title='bbox 1051 3504 1121 3580; x_wconf 86' lang='lat' dir='ltr'>fin,</span> <span class='ocrx_word' id='word_1_234' title='bbox 1148 3502 1241 3565; x_wconf 79' lang='lat' dir='ltr'>dsub</span> <span class='ocrx_word' id='word_1_235' title='bbox 1259 3503 1312 3566; x_wconf 91' lang='lat' dir='ltr'>fin.</span> 
     </span>
     <span class='ocr_line' id='line_1_30' title="bbox 225 3614 591 3695; baseline -0.005 -16"><span class='ocrx_word' id='word_1_236' title='bbox 225 3623 255 3679; x_wconf 90' lang='lat' dir='ltr'>et</span> <span class='ocrx_word' id='word_1_237' title='bbox 279 3619 321 3680; x_wconf 76' lang='lat'>24</span> <span class='ocrx_word' id='word_1_238' title='bbox 344 3623 375 3679; x_wconf 91' lang='lat' dir='ltr'>et</span> <span class='ocrx_word' id='word_1_239' title='bbox 399 3618 440 3678; x_wconf 77' lang='lat'>32</span> <span class='ocrx_word' id='word_1_240' title='bbox 465 3616 522 3679; x_wconf 92' lang='lat' dir='ltr'>sub</span> <span class='ocrx_word' id='word_1_241' title='bbox 545 3614 591 3695; x_wconf 74' lang='lat' dir='ltr'>i).</span> 
     </span>
    </p>
   </div>
   <div class='ocr_carea' id='block_1_3' title="bbox 455 3844 1073 3901">
    <p class='ocr_par' dir='ltr' id='par_1_5' title="bbox 455 3844 1073 3901">
     <span class='ocr_line' id='line_1_31' title="bbox 455 3844 1073 3901; baseline -0.003 -15"><span class='ocrx_word' id='word_1_242' title='bbox 455 3844 543 3890; x_wconf 72' lang='lat' dir='ltr'>xxvi.</span> <span class='ocrx_word' id='word_1_243' title='bbox 575 3851 636 3889; x_wconf 81' lang='lat' dir='ltr'>uani</span> <span class='ocrx_word' id='word_1_244' title='bbox 653 3850 708 3889; x_wconf 78' lang='lat' dir='ltr'>rua</span> <span class='ocrx_word' id='word_1_245' title='bbox 724 3850 870 3888; x_wconf 78' lang='lat' dir='ltr'>arannnor</span> <span class='ocrx_word' id='word_1_246' title='bbox 885 3849 1073 3901; x_wconf 68' lang='lat' dir='ltr'>noxiantur..</span> 
     </span>
    </p>
   </div>
   <div class='ocr_carea' id='block_1_4' title="bbox 225 4036 1381 4346">
    <p class='ocr_par' dir='ltr' id='par_1_6' title="bbox 225 4036 1381 4346">
     <span class='ocr_line' id='line_1_32' title="bbox 268 4036 1316 4130; baseline -0.005 -21"><span class='ocrx_word' id='word_1_247' title='bbox 268 4050 285 4130; x_wconf 64' lang='lat' dir='ltr'>p</span> <span class='ocrx_word' id='word_1_248' title='bbox 312 4051 338 4109; x_wconf 88' lang='lat' dir='ltr'>l.</span> <span class='ocrx_word' id='word_1_249' title='bbox 385 4046 518 4110; x_wconf 77' lang='grc' dir='ltr'><em>σύνσνσθνν</em></span> <span class='ocrx_word' id='word_1_250' title='bbox 541 4047 642 4108; x_wconf 72' lang='grc' dir='ltr'><strong><em>πολλὰ</em></strong></span> <span class='ocrx_word' id='word_1_251' title='bbox 665 4046 715 4108; x_wconf 70' lang='lat' dir='ltr'>aa}</span> <span class='ocrx_word' id='word_1_252' title='bbox 738 4043 816 4106; x_wconf 67' lang='grc' dir='ltr'><em>δεινὰ</em></span> <span class='ocrx_word' id='word_1_253' title='bbox 838 4042 878 4113; x_wconf 76' lang='grc' dir='ltr'>εἰς</span> <span class='ocrx_word' id='word_1_254' title='bbox 902 4041 1007 4112; x_wconf 71' lang='grc' dir='ltr'><strong><em>αὐτοὺς</em></strong></span> <span class='ocrx_word' id='word_1_255' title='bbox 1030 4039 1253 4120; x_wconf 69' lang='grc' dir='ltr'><em>ἕξνμνιρτνναίνς,</em></span> <span class='ocrx_word' id='word_1_256' title='bbox 1278 4036 1316 4104; x_wconf 78' lang='grc' dir='ltr'>ὧν</span> 
     </span>
     <span class='ocr_line' id='line_1_33' title="bbox 226 4150 1381 4230; baseline -0.008 -10"><span class='ocrx_word' id='word_1_257' title='bbox 226 4158 415 4230; x_wconf 68' lang='grc' dir='ltr'>ἐπιλελῆσθαι</span> <span class='ocrx_word' id='word_1_258' title='bbox 438 4154 488 4219; x_wconf 66' lang='lat' dir='ltr'>aa}</span> <span class='ocrx_word' id='word_1_259' title='bbox 511 4154 569 4218; x_wconf 79' lang='grc' dir='ltr'><em>οὐδ’</em></span> <span class='ocrx_word' id='word_1_260' title='bbox 591 4153 860 4229; x_wconf 64' lang='grc' dir='ltr'>ἀναμνησθήσεσθαι</span> <span class='ocrx_word' id='word_1_261' title='bbox 884 4153 969 4222; x_wconf 81' lang='grc' dir='ltr'><em>ἐνίους</em></span> <span class='ocrx_word' id='word_1_262' title='bbox 986 4154 1081 4215; x_wconf 72' lang='grc' dir='ltr'><em>αὐτῶν</em></span> <span class='ocrx_word' id='word_1_263' title='bbox 1097 4150 1228 4230; x_wconf 77' lang='grc' dir='ltr'><em>νομίζεις.</em></span> <span class='ocrx_word' id='word_1_264' title='bbox 1258 4150 1316 4212; x_wconf 88' lang='lat' dir='ltr'>Pa·</span> <span class='ocrx_word' id='word_1_265' title='bbox 1378 4224 1381 4228; x_wconf 16' lang='grc' dir='ltr'><em>Α</em></span> 
     </span>
     <span class='ocr_line' id='line_1_34' title="bbox 225 4259 1313 4346; baseline -0.008 -17"><span class='ocrx_word' id='word_1_266' title='bbox 225 4288 294 4329; x_wconf 87' lang='lat' dir='ltr'>rum</span> <span class='ocrx_word' id='word_1_267' title='bbox 325 4266 477 4346; x_wconf 85' lang='lat' dir='ltr'>intererat</span> <span class='ocrx_word' id='word_1_268' title='bbox 493 4263 644 4341; x_wconf 82' lang='lat' dir='ltr'>Evandri,</span> <span class='ocrx_word' id='word_1_269' title='bbox 676 4284 774 4327; x_wconf 87' lang='lat' dir='ltr'>uuum</span> <span class='ocrx_word' id='word_1_270' title='bbox 797 4270 828 4326; x_wconf 89' lang='lat' dir='ltr'>et</span> <span class='ocrx_word' id='word_1_271' title='bbox 850 4261 981 4324; x_wconf 89' lang='lat' dir='ltr'>alterum</span> <span class='ocrx_word' id='word_1_272' title='bbox 1004 4262 1111 4345; x_wconf 80' lang='grc' dir='ltr'>(ἐνίους)</span> <span class='ocrx_word' id='word_1_273' title='bbox 1136 4259 1313 4323; x_wconf 88' lang='lat' dir='ltr'>memoriam</span> 
     </span>
    </p>
   </div>
   <div class='ocr_carea' id='block_1_5' title="bbox 0 0 1430 5024">
    <p class='ocr_par' dir='ltr' id='par_1_7' title="bbox 0 0 1430 5024">
     <span class='ocr_line' id='line_1_35' title="bbox 0 0 1430 5024; baseline 0 0"><span class='ocrx_word' id='word_1_274' title='bbox 0 0 1430 5024; x_wconf 95' lang='lat' dir='ltr'> </span> 
     </span>
    </p>
   </div>
  </div>
 </body>
</html>
