<?xml version="1.0" encoding="UTF-8"?>
<!DOCTYPE html PUBLIC "-//W3C//DTD XHTML 1.0 Transitional//EN"
    "http://www.w3.org/TR/xhtml1/DTD/xhtml1-transitional.dtd">
<html xmlns="http://www.w3.org/1999/xhtml" xml:lang="en" lang="en">
 <head>
  <title>
</title>
<meta http-equiv="Content-Type" content="text/html;charset=utf-8" />
  <meta name='ocr-system' content='tesseract 3.04.00' />
  <meta name='ocr-capabilities' content='ocr_page ocr_carea ocr_par ocr_line ocrx_word'/>
</head>
<body>
  <div class='ocr_page' id='page_1' title='image "./commentationesl00frangoog_0088.png"; bbox 0 0 2850 5024; ppageno 0'>
   <div class='ocr_carea' id='block_1_1' title="bbox 682 375 721 438">
    <p class='ocr_par' dir='ltr' id='par_1_1' title="bbox 682 375 721 438">
     <span class='ocr_line' id='line_1_1' title="bbox 682 375 721 438; baseline -0.103 0"><span class='ocrx_word' id='word_1_1' title='bbox 682 375 721 438; x_wconf 76' lang='lat'><strong>75</strong></span> 
     </span>
    </p>
   </div>
   <div class='ocr_carea' id='block_1_2' title="bbox 159 560 1327 3448">
    <p class='ocr_par' dir='ltr' id='par_1_2' title="bbox 162 560 1245 772">
     <span class='ocr_line' id='line_1_2' title="bbox 163 560 1245 661; baseline -0.014 -23"><span class='ocrx_word' id='word_1_2' title='bbox 163 597 212 650; x_wconf 81' lang='grc' dir='ltr'><strong>μοι</strong></span> <span class='ocrx_word' id='word_1_3' title='bbox 235 576 334 657; x_wconf 78' lang='grc' dir='ltr'><em>μέλει,</em></span> <span class='ocrx_word' id='word_1_4' title='bbox 359 575 391 640; x_wconf 90' lang='lat' dir='ltr'><strong>in</strong></span> <span class='ocrx_word' id='word_1_5' title='bbox 415 598 476 661; x_wconf 91' lang='lat' dir='ltr'><strong>quo</strong></span> <span class='ocrx_word' id='word_1_6' title='bbox 499 574 659 639; x_wconf 83' lang='lat' dir='ltr'><strong>manifesto</strong></span> <span class='ocrx_word' id='word_1_7' title='bbox 682 573 779 650; x_wconf 72' lang='grc' dir='ltr'><em>λέγειν</em></span> <span class='ocrx_word' id='word_1_8' title='bbox 803 576 848 633; x_wconf 85' lang='lat' dir='ltr'><strong>est</strong></span> <span class='ocrx_word' id='word_1_9' title='bbox 871 591 918 630; x_wconf 87' lang='lat' dir='ltr'><strong>res</strong></span> <span class='ocrx_word' id='word_1_10' title='bbox 941 565 1106 640; x_wconf 85' lang='lat' dir='ltr'><strong>accedens,</strong></span> <span class='ocrx_word' id='word_1_11' title='bbox 1129 584 1190 625; x_wconf 89' lang='lat' dir='ltr'><strong>nou</strong></span> <span class='ocrx_word' id='word_1_12' title='bbox 1207 560 1245 644; x_wconf 87' lang='lat' dir='ltr'><strong>ip·</strong></span> 
     </span>
     <span class='ocr_line' id='line_1_3' title="bbox 162 685 715 772; baseline -0.004 -22"><span class='ocrx_word' id='word_1_13' title='bbox 162 709 232 750; x_wconf 85' lang='lat' dir='ltr'><strong>sum</strong></span> <span class='ocrx_word' id='word_1_14' title='bbox 253 685 333 751; x_wconf 84' lang='lat' dir='ltr'><strong>iliud</strong></span> <span class='ocrx_word' id='word_1_15' title='bbox 358 710 419 772; x_wconf 85' lang='lat' dir='ltr'><strong>quo</strong></span> <span class='ocrx_word' id='word_1_16' title='bbox 442 694 603 752; x_wconf 87' lang='lat' dir='ltr'><strong>contentus</strong></span> <span class='ocrx_word' id='word_1_17' title='bbox 627 692 715 750; x_wconf 87' lang='lat' dir='ltr'><strong>esset.</strong></span> 
     </span>
    </p>

    <p class='ocr_par' dir='ltr' id='par_1_3' title="bbox 159 784 1327 3448">
     <span class='ocr_line' id='line_1_4' title="bbox 204 784 1249 883; baseline -0.017 -21"><span class='ocrx_word' id='word_1_18' title='bbox 204 800 225 883; x_wconf 54' lang='grc' dir='ltr'>ᾧ</span> <span class='ocrx_word' id='word_1_19' title='bbox 250 801 300 862; x_wconf 77' lang='lat'><strong>12.</strong></span> <span class='ocrx_word' id='word_1_20' title='bbox 346 801 443 864; x_wconf 78' lang='grc' dir='ltr'><em>οὐκοῦν</em></span> <span class='ocrx_word' id='word_1_21' title='bbox 473 797 580 864; x_wconf 81' lang='grc' dir='ltr'><em>ἀτονεον</em></span> <span class='ocrx_word' id='word_1_22' title='bbox 606 797 643 863; x_wconf 82' lang='grc' dir='ltr'><strong>ἀν</strong></span> <span class='ocrx_word' id='word_1_23' title='bbox 666 795 709 870; x_wconf 80' lang='grc' dir='ltr'><strong>εῖν</strong></span> <span class='ocrx_word' id='word_1_24' title='bbox 733 797 781 860; x_wconf 82' lang='grc' dir='ltr'><strong>τὸν</strong></span> <span class='ocrx_word' id='word_1_25' title='bbox 803 791 929 868; x_wconf 62' lang='lat' dir='ltr'><strong>iteam</strong></span> <span class='ocrx_word' id='word_1_26' title='bbox 952 794 1044 874; x_wconf 84' lang='lat' dir='ltr'><strong>(recte</strong></span> <span class='ocrx_word' id='word_1_27' title='bbox 1067 784 1170 850; x_wconf 85' lang='lat' dir='ltr'><strong>Reisk.</strong></span> <span class='ocrx_word' id='word_1_28' title='bbox 1196 804 1249 866; x_wconf 87' lang='lat' dir='ltr'><strong>pro</strong></span> 
     </span>
     <span class='ocr_line' id='line_1_5' title="bbox 161 895 1249 993; baseline -0.007 -21"><span class='ocrx_word' id='word_1_29' title='bbox 161 907 312 993; x_wconf 73' lang='grc' dir='ltr'><em>δεῖξεντοο)</em></span> <span class='ocrx_word' id='word_1_30' title='bbox 343 918 452 975; x_wconf 78' lang='grc' dir='ltr'><em>κτεῖνον</em></span> <span class='ocrx_word' id='word_1_31' title='bbox 481 911 637 993; x_wconf 83' lang='grc' dir='ltr'><em>φάοκοντοο</em></span> <span class='ocrx_word' id='word_1_32' title='bbox 663 907 829 990; x_wconf 95' lang='grc' dir='ltr'><em>ἀνδροφόνον</em></span> <span class='ocrx_word' id='word_1_33' title='bbox 852 900 941 986; x_wconf 77' lang='grc' dir='ltr'><em>εἷνοοι,</em></span> <span class='ocrx_word' id='word_1_34' title='bbox 964 898 1006 966; x_wconf 85' lang='grc' dir='ltr'><strong>ότι</strong></span> <span class='ocrx_word' id='word_1_35' title='bbox 1030 900 1043 964; x_wconf 85' lang='grc' dir='ltr'><strong><em>ὁ</em></strong></span> <span class='ocrx_word' id='word_1_36' title='bbox 1067 897 1188 972; x_wconf 77' lang='grc' dir='ltr'><em>διώκων,</em></span> <span class='ocrx_word' id='word_1_37' title='bbox 1213 895 1249 964; x_wconf 75' lang='grc' dir='ltr'><strong>ὡς</strong></span> 
     </span>
     <span class='ocr_line' id='line_1_6' title="bbox 162 1005 1248 1103; baseline -0.015 -19"><span class='ocrx_word' id='word_1_38' title='bbox 162 1020 286 1098; x_wconf 70' lang='grc' dir='ltr'><em>ἔκτεινε,</em></span> <span class='ocrx_word' id='word_1_39' title='bbox 315 1022 364 1086; x_wconf 78' lang='grc' dir='ltr'><strong>τόν</strong></span> <span class='ocrx_word' id='word_1_40' title='bbox 396 1023 549 1103; x_wconf 72' lang='grc' dir='ltr'><em>φεύγοντα</em></span> <span class='ocrx_word' id='word_1_41' title='bbox 580 1020 750 1099; x_wconf 67' lang='grc' dir='ltr'><em>διωμόσατο.</em></span> <span class='ocrx_word' id='word_1_42' title='bbox 802 1017 833 1080; x_wconf 86' lang='lat' dir='ltr'><strong>Si</strong></span> <span class='ocrx_word' id='word_1_43' title='bbox 864 1024 916 1093; x_wconf 92' lang='lat' dir='ltr'><strong>tu,</strong></span> <span class='ocrx_word' id='word_1_44' title='bbox 948 1012 1066 1098; x_wconf 88' lang='lat' dir='ltr'><strong>iuquit,</strong></span> <span class='ocrx_word' id='word_1_45' title='bbox 1098 1005 1248 1092; x_wconf 79' lang='lat' dir='ltr'>Areopagi</span> 
     </span>
     <span class='ocr_line' id='line_1_7' title="bbox 159 1118 1248 1220; baseline -0.016 -24"><span class='ocrx_word' id='word_1_46' title='bbox 159 1132 286 1197; x_wconf 87' lang='lat' dir='ltr'><strong>cuidam</strong></span> <span class='ocrx_word' id='word_1_47' title='bbox 309 1134 424 1200; x_wconf 87' lang='lat' dir='ltr'><strong>iudicio</strong></span> <span class='ocrx_word' id='word_1_48' title='bbox 447 1133 571 1220; x_wconf 85' lang='lat' dir='ltr'><strong>capitali</strong></span> <span class='ocrx_word' id='word_1_49' title='bbox 594 1131 779 1208; x_wconf 82' lang='lat' dir='ltr'><strong>adstitissos,</strong></span> <span class='ocrx_word' id='word_1_50' title='bbox 804 1152 865 1193; x_wconf 91' lang='lat' dir='ltr'><strong>nou</strong></span> <span class='ocrx_word' id='word_1_51' title='bbox 888 1127 1043 1212; x_wconf 78' lang='lat' dir='ltr'>ignorares</span> <span class='ocrx_word' id='word_1_52' title='bbox 1069 1119 1159 1185; x_wconf 86' lang='lat' dir='ltr'><strong>verba</strong></span> <span class='ocrx_word' id='word_1_53' title='bbox 1174 1118 1248 1182; x_wconf 78' lang='grc' dir='ltr'><em>κτεί-</em></span> 
     </span>
     <span class='ocr_line' id='line_1_8' title="bbox 164 1227 1322 1328; baseline -0.014 -21"><span class='ocrx_word' id='word_1_54' title='bbox 164 1269 221 1308; x_wconf 87' lang='grc' dir='ltr'><em>νειν</em></span> <span class='ocrx_word' id='word_1_55' title='bbox 243 1244 308 1310; x_wconf 83' lang='grc' dir='ltr'><strong>τινά</strong></span> <span class='ocrx_word' id='word_1_56' title='bbox 331 1253 362 1310; x_wconf 90' lang='lat' dir='ltr'><strong>et</strong></span> <span class='ocrx_word' id='word_1_57' title='bbox 384 1245 552 1328; x_wconf 86' lang='grc' dir='ltr'><em>ἀνδροφόνον</em></span> <span class='ocrx_word' id='word_1_58' title='bbox 574 1241 645 1310; x_wconf 85' lang='grc' dir='ltr'><em>εἶνοιι</em></span> <span class='ocrx_word' id='word_1_59' title='bbox 669 1243 749 1308; x_wconf 89' lang='lat' dir='ltr'><strong>idem</strong></span> <span class='ocrx_word' id='word_1_60' title='bbox 773 1241 832 1306; x_wconf 89' lang='lat' dir='ltr'><strong>sibi</strong></span> <span class='ocrx_word' id='word_1_61' title='bbox 856 1238 941 1304; x_wconf 85' lang='lat' dir='ltr'><strong>velle.</strong></span> <span class='ocrx_word' id='word_1_62' title='bbox 977 1234 1058 1300; x_wconf 86' lang='lat' dir='ltr'><strong>Nam</strong></span> <span class='ocrx_word' id='word_1_63' title='bbox 1073 1234 1106 1297; x_wconf 91' lang='lat' dir='ltr'><strong>iu</strong></span> <span class='ocrx_word' id='word_1_64' title='bbox 1123 1254 1158 1296; x_wconf 85' lang='lat' dir='ltr'><strong>eo</strong></span> <span class='ocrx_word' id='word_1_65' title='bbox 1174 1227 1248 1294; x_wconf 87' lang='lat' dir='ltr'><strong>iudi·</strong></span> <span class='ocrx_word' id='word_1_66' title='bbox 1318 1285 1322 1300; x_wconf 76' lang='grc'><em>,</em></span> 
     </span>
     <span class='ocr_line' id='line_1_9' title="bbox 163 1343 1252 1434; baseline -0.007 -16"><span class='ocrx_word' id='word_1_67' title='bbox 163 1355 214 1418; x_wconf 87' lang='lat' dir='ltr'><strong>cio</strong></span> <span class='ocrx_word' id='word_1_68' title='bbox 238 1366 394 1422; x_wconf 85' lang='lat' dir='ltr'><strong>accusator</strong></span> <span class='ocrx_word' id='word_1_69' title='bbox 417 1366 447 1421; x_wconf 91' lang='lat' dir='ltr'><strong>et</strong></span> <span class='ocrx_word' id='word_1_70' title='bbox 471 1381 539 1422; x_wconf 83' lang='lat' dir='ltr'><strong>reus</strong></span> <span class='ocrx_word' id='word_1_71' title='bbox 563 1358 601 1422; x_wconf 88' lang='lat' dir='ltr'><strong>de</strong></span> <span class='ocrx_word' id='word_1_72' title='bbox 623 1379 659 1422; x_wconf 86' lang='lat' dir='ltr'><strong>eo</strong></span> <span class='ocrx_word' id='word_1_73' title='bbox 683 1353 891 1432; x_wconf 86' lang='lat' dir='ltr'><strong>contendunt,</strong></span> <span class='ocrx_word' id='word_1_74' title='bbox 907 1357 1011 1417; x_wconf 87' lang='lat' dir='ltr'><strong>utrum</strong></span> <span class='ocrx_word' id='word_1_75' title='bbox 1029 1347 1097 1434; x_wconf 88' lang='lat' dir='ltr'><strong>quis</strong></span> <span class='ocrx_word' id='word_1_76' title='bbox 1108 1343 1252 1409; x_wconf 76' lang='lat' dir='ltr'><strong>&#39;videatur</strong></span> 
     </span>
     <span class='ocr_line' id='line_1_10' title="bbox 163 1459 1253 1550; baseline -0.01 -19"><span class='ocrx_word' id='word_1_77' title='bbox 163 1474 292 1546; x_wconf 81' lang='grc' dir='ltr'><em>κτεῖνιοι,</em></span> <span class='ocrx_word' id='word_1_78' title='bbox 323 1492 379 1535; x_wconf 86' lang='lat' dir='ltr'><strong>nec</strong></span> <span class='ocrx_word' id='word_1_79' title='bbox 411 1493 466 1547; x_wconf 84' lang='lat' dir='ltr'><strong>ne3</strong></span> <span class='ocrx_word' id='word_1_80' title='bbox 499 1465 600 1535; x_wconf 85' lang='lat' dir='ltr'><strong>tamen</strong></span> <span class='ocrx_word' id='word_1_81' title='bbox 631 1471 706 1534; x_wconf 89' lang='lat' dir='ltr'><strong>haec</strong></span> <span class='ocrx_word' id='word_1_82' title='bbox 737 1469 852 1533; x_wconf 85' lang='lat' dir='ltr'><strong>iudicia</strong></span> <span class='ocrx_word' id='word_1_83' title='bbox 878 1467 965 1550; x_wconf 91' lang='grc' dir='ltr'><em>φόνον</em></span> <span class='ocrx_word' id='word_1_84' title='bbox 997 1464 1072 1529; x_wconf 82' lang='grc' dir='ltr'><em>διἰιοιι</em></span> <span class='ocrx_word' id='word_1_85' title='bbox 1103 1465 1192 1535; x_wconf 88' lang='lat' dir='ltr'><strong>suut,</strong></span> <span class='ocrx_word' id='word_1_86' title='bbox 1222 1459 1253 1520; x_wconf 79' lang='lat' dir='ltr'><strong>et</strong></span> 
     </span>
     <span class='ocr_line' id='line_1_11' title="bbox 162 1570 1327 1665; baseline -0.007 -24"><span class='ocrx_word' id='word_1_87' title='bbox 162 1579 421 1646; x_wconf 79' lang='lat' dir='ltr'>condemnaretur</span> <span class='ocrx_word' id='word_1_88' title='bbox 440 1582 466 1646; x_wconf 87' lang='lat' dir='ltr'><strong>is</strong></span> <span class='ocrx_word' id='word_1_89' title='bbox 487 1583 539 1665; x_wconf 91' lang='lat' dir='ltr'><strong>qui</strong></span> <span class='ocrx_word' id='word_1_90' title='bbox 557 1605 588 1645; x_wconf 86' lang='lat' dir='ltr'><strong>se</strong></span> <span class='ocrx_word' id='word_1_91' title='bbox 604 1581 770 1662; x_wconf 72' lang='grc' dir='ltr'><em>ἀνδροφόνον</em></span> <span class='ocrx_word' id='word_1_92' title='bbox 783 1581 909 1645; x_wconf 86' lang='lat' dir='ltr'><strong>diceret.</strong></span> <span class='ocrx_word' id='word_1_93' title='bbox 934 1575 1112 1662; x_wconf 78' lang='lat' dir='ltr'><strong>Legeudum</strong></span> <span class='ocrx_word' id='word_1_94' title='bbox 1131 1570 1252 1635; x_wconf 81' lang='lat' dir='ltr'><strong>ridetur</strong></span> <span class='ocrx_word' id='word_1_95' title='bbox 1323 1598 1327 1609; x_wconf 73' lang='lat'>=</span> 
     </span>
     <span class='ocr_line' id='line_1_12' title="bbox 163 1677 1252 1777; baseline -0.006 -24"><span class='ocrx_word' id='word_1_96' title='bbox 163 1692 264 1755; x_wconf 82' lang='grc' dir='ltr'><em>οὐκοῦν</em></span> <span class='ocrx_word' id='word_1_97' title='bbox 294 1690 402 1758; x_wconf 75' lang='grc' dir='ltr'><em>ἀνοιιον</em></span> <span class='ocrx_word' id='word_1_98' title='bbox 431 1694 467 1759; x_wconf 86' lang='grc' dir='ltr'><strong>ἀν</strong></span> <span class='ocrx_word' id='word_1_99' title='bbox 494 1693 536 1769; x_wconf 80' lang='grc' dir='ltr'><strong>εῖν</strong></span> <span class='ocrx_word' id='word_1_100' title='bbox 567 1696 687 1777; x_wconf 83' lang='grc' dir='ltr'><em>ἀφεῖνιιι</em></span> <span class='ocrx_word' id='word_1_101' title='bbox 718 1695 766 1759; x_wconf 79' lang='grc' dir='ltr'><strong>τόν</strong></span> <span class='ocrx_word' id='word_1_102' title='bbox 796 1692 923 1769; x_wconf 82' lang='grc' dir='ltr'><em>δόξοιντοο</em></span> <span class='ocrx_word' id='word_1_103' title='bbox 956 1698 1081 1772; x_wconf 84' lang='grc' dir='ltr'><em>κτεῖνοοι,</em></span> <span class='ocrx_word' id='word_1_104' title='bbox 1111 1677 1252 1770; x_wconf 53' lang='grc' dir='ltr'><em>φώοκονθ</em></span> 
     </span>
     <span class='ocr_line' id='line_1_13' title="bbox 165 1800 1255 1884; baseline -0.004 -19"><span class='ocrx_word' id='word_1_105' title='bbox 165 1801 335 1882; x_wconf 72' lang='grc' dir='ltr'><em>ἀνδροφόνον</em></span> <span class='ocrx_word' id='word_1_106' title='bbox 365 1800 453 1877; x_wconf 80' lang='grc' dir='ltr'><em>εἶνοιι,</em></span> <span class='ocrx_word' id='word_1_107' title='bbox 486 1804 528 1871; x_wconf 78' lang='grc' dir='ltr'><strong>ότι</strong></span> <span class='ocrx_word' id='word_1_108' title='bbox 557 1808 571 1871; x_wconf 85' lang='lat' dir='ltr'><strong>o‘</strong></span> <span class='ocrx_word' id='word_1_109' title='bbox 600 1807 702 1871; x_wconf 88' lang='grc' dir='ltr'><em>διώκων</em></span> <span class='ocrx_word' id='word_1_110' title='bbox 724 1809 761 1878; x_wconf 80' lang='grc' dir='ltr'><strong>ἀς</strong></span> <span class='ocrx_word' id='word_1_111' title='bbox 784 1805 889 1871; x_wconf 85' lang='grc' dir='ltr'><em>ἔκτεινε</em></span> <span class='ocrx_word' id='word_1_112' title='bbox 911 1803 1088 1880; x_wconf 63' lang='grc' dir='ltr'><em>διωμόοιοτος</em></span> <span class='ocrx_word' id='word_1_113' title='bbox 1119 1800 1255 1884; x_wconf 77' lang='lat' dir='ltr'><strong>Apparet</strong></span> 
     </span>
     <span class='ocr_line' id='line_1_14' title="bbox 163 1910 1255 2000; baseline -0.004 -23"><span class='ocrx_word' id='word_1_114' title='bbox 163 1912 216 1977; x_wconf 76' lang='grc' dir='ltr'><strong>τὸν</strong></span> <span class='ocrx_word' id='word_1_115' title='bbox 241 1913 368 1990; x_wconf 79' lang='grc' dir='ltr'><em>δόξωνιιι</em></span> <span class='ocrx_word' id='word_1_116' title='bbox 389 1923 499 1980; x_wconf 79' lang='grc' dir='ltr'><em>κτεῖνοει</em></span> <span class='ocrx_word' id='word_1_117' title='bbox 521 1937 604 1980; x_wconf 77' lang='lat' dir='ltr'><strong>nuuc</strong></span> <span class='ocrx_word' id='word_1_118' title='bbox 622 1938 684 1980; x_wconf 84' lang='lat' dir='ltr'><strong>uon</strong></span> <span class='ocrx_word' id='word_1_119' title='bbox 700 1938 766 1981; x_wconf 81' lang='lat' dir='ltr'><strong>esse</strong></span> <span class='ocrx_word' id='word_1_120' title='bbox 780 1939 852 1980; x_wconf 84' lang='lat' dir='ltr'><strong>eum</strong></span> <span class='ocrx_word' id='word_1_121' title='bbox 867 1916 921 2000; x_wconf 89' lang='lat' dir='ltr'><strong>qui</strong></span> <span class='ocrx_word' id='word_1_122' title='bbox 939 1935 957 1978; x_wconf 86' lang='lat' dir='ltr'><strong>a</strong></span> <span class='ocrx_word' id='word_1_123' title='bbox 974 1915 1127 1979; x_wconf 87' lang='lat' dir='ltr'><strong>iudicibus</strong></span> <span class='ocrx_word' id='word_1_124' title='bbox 1141 1910 1255 1975; x_wconf 82' lang='lat' dir='ltr'><strong>iudica·</strong></span> 
     </span>
     <span class='ocr_line' id='line_1_15' title="bbox 167 2013 1251 2111; baseline -0.001 -24"><span class='ocrx_word' id='word_1_125' title='bbox 167 2026 286 2108; x_wconf 85' lang='lat' dir='ltr'><strong>tussit</strong></span> <span class='ocrx_word' id='word_1_126' title='bbox 308 2034 435 2104; x_wconf 85' lang='grc' dir='ltr'><em>κτεῖνοιι,</em></span> <span class='ocrx_word' id='word_1_127' title='bbox 460 2027 513 2091; x_wconf 83' lang='lat' dir='ltr'><strong>sed</strong></span> <span class='ocrx_word' id='word_1_128' title='bbox 534 2013 625 2111; x_wconf 83' lang='lat' dir='ltr'><strong>quem</strong></span> <span class='ocrx_word' id='word_1_129' title='bbox 649 2028 844 2091; x_wconf 84' lang='lat' dir='ltr'><strong>manifestum</strong></span> <span class='ocrx_word' id='word_1_130' title='bbox 862 2026 904 2090; x_wconf 86' lang='lat' dir='ltr'><strong>sit</strong></span> <span class='ocrx_word' id='word_1_131' title='bbox 919 2026 1041 2092; x_wconf 87' lang='lat' dir='ltr'><strong>caedem</strong></span> <span class='ocrx_word' id='word_1_132' title='bbox 1056 2020 1251 2089; x_wconf 77' lang='lat' dir='ltr'><strong>commisisse.</strong></span> 
     </span>
     <span class='ocr_line' id='line_1_16' title="bbox 165 2135 1254 2218; baseline -0.001 -20"><span class='ocrx_word' id='word_1_133' title='bbox 165 2135 202 2198; x_wconf 86' lang='lat' dir='ltr'><strong>Is</strong></span> <span class='ocrx_word' id='word_1_134' title='bbox 224 2137 392 2202; x_wconf 85' lang='lat' dir='ltr'><strong>secuudum</strong></span> <span class='ocrx_word' id='word_1_135' title='bbox 412 2138 653 2204; x_wconf 79' lang='lat' dir='ltr'><strong>Theomnestum</strong></span> <span class='ocrx_word' id='word_1_136' title='bbox 675 2139 876 2204; x_wconf 74' lang='lat' dir='ltr'><strong>absolvendus</strong></span> <span class='ocrx_word' id='word_1_137' title='bbox 897 2147 976 2204; x_wconf 82' lang='lat' dir='ltr'><strong>esset</strong></span> <span class='ocrx_word' id='word_1_138' title='bbox 998 2139 1023 2202; x_wconf 90' lang='lat' dir='ltr'><strong>si</strong></span> <span class='ocrx_word' id='word_1_139' title='bbox 1042 2135 1206 2218; x_wconf 85' lang='grc' dir='ltr'><em>ἀνδροφόνον</em></span> <span class='ocrx_word' id='word_1_140' title='bbox 1219 2144 1254 2197; x_wconf 77' lang='lat' dir='ltr'><strong>tre</strong></span> 
     </span>
     <span class='ocr_line' id='line_1_17' title="bbox 163 2247 1253 2334; baseline 0.001 -25"><span class='ocrx_word' id='word_1_141' title='bbox 163 2247 294 2311; x_wconf 84' lang='lat' dir='ltr'><strong>diceret.</strong></span> <span class='ocrx_word' id='word_1_142' title='bbox 332 2248 488 2333; x_wconf 78' lang='grc' dir='ltr'><em>Ἀφεῖνοει,</em></span> <span class='ocrx_word' id='word_1_143' title='bbox 513 2272 530 2313; x_wconf 93' lang='lat' dir='ltr'><strong>a</strong></span> <span class='ocrx_word' id='word_1_144' title='bbox 554 2249 730 2315; x_wconf 68' lang='lat' dir='ltr'><strong>Eoertschio</strong></span> <span class='ocrx_word' id='word_1_145' title='bbox 753 2251 928 2327; x_wconf 89' lang='lat' dir='ltr'><strong>inventum,</strong></span> <span class='ocrx_word' id='word_1_146' title='bbox 946 2249 1100 2334; x_wconf 88' lang='lat' dir='ltr'><strong>quomodo</strong></span> <span class='ocrx_word' id='word_1_147' title='bbox 1116 2247 1253 2312; x_wconf 78' lang='lat' dir='ltr'><strong>excidere</strong></span> 
     </span>
     <span class='ocr_line' id='line_1_18' title="bbox 165 2357 1254 2445; baseline -0.001 -24"><span class='ocrx_word' id='word_1_148' title='bbox 165 2364 240 2443; x_wconf 89' lang='lat' dir='ltr'><strong>post</strong></span> <span class='ocrx_word' id='word_1_149' title='bbox 258 2357 349 2435; x_wconf 77' lang='grc' dir='ltr'><em>ἀνεῖν</em></span> <span class='ocrx_word' id='word_1_150' title='bbox 365 2361 500 2445; x_wconf 85' lang='lat' dir='ltr'><strong>potuerit</strong></span> <span class='ocrx_word' id='word_1_151' title='bbox 514 2361 546 2425; x_wconf 89' lang='lat' dir='ltr'><strong>iu</strong></span> <span class='ocrx_word' id='word_1_152' title='bbox 562 2362 664 2445; x_wconf 86' lang='lat' dir='ltr'><strong>aprico</strong></span> <span class='ocrx_word' id='word_1_153' title='bbox 681 2370 735 2426; x_wconf 85' lang='lat' dir='ltr'><strong>est.</strong></span> <span class='ocrx_word' id='word_1_154' title='bbox 749 2361 795 2426; x_wconf 80' lang='lat' dir='ltr'><strong>Cf.</strong></span> <span class='ocrx_word' id='word_1_155' title='bbox 812 2365 864 2426; x_wconf 79' lang='lat'><strong>21.</strong></span> <span class='ocrx_word' id='word_1_156' title='bbox 881 2364 938 2439; x_wconf 83' lang='grc'><strong>16,</strong></span> <span class='ocrx_word' id='word_1_157' title='bbox 956 2365 1005 2425; x_wconf 88' lang='grc'><strong>19.</strong></span> <span class='ocrx_word' id='word_1_158' title='bbox 1019 2363 1072 2425; x_wconf 77' lang='lat'><strong>21.</strong></span> <span class='ocrx_word' id='word_1_159' title='bbox 1096 2359 1254 2423; x_wconf 86' lang='lat' dir='ltr'><strong>Postrema</strong></span> 
     </span>
     <span class='ocr_line' id='line_1_19' title="bbox 164 2469 1254 2558; baseline 0 -26"><span class='ocrx_word' id='word_1_160' title='bbox 164 2469 242 2533; x_wconf 82' lang='lat' dir='ltr'><strong>dedi</strong></span> <span class='ocrx_word' id='word_1_161' title='bbox 264 2470 384 2534; x_wconf 87' lang='lat' dir='ltr'><strong>omissis</strong></span> <span class='ocrx_word' id='word_1_162' title='bbox 406 2471 456 2536; x_wconf 83' lang='grc' dir='ltr'><strong>τόν</strong></span> <span class='ocrx_word' id='word_1_163' title='bbox 478 2473 648 2552; x_wconf 70' lang='grc' dir='ltr'><em>φεώνονοοι,</em></span> <span class='ocrx_word' id='word_1_164' title='bbox 673 2494 742 2537; x_wconf 90' lang='lat' dir='ltr'><strong>uam</strong></span> <span class='ocrx_word' id='word_1_165' title='bbox 765 2472 922 2558; x_wconf 80' lang='lat' dir='ltr'><strong>vulgatam</strong></span> <span class='ocrx_word' id='word_1_166' title='bbox 946 2473 998 2558; x_wconf 93' lang='lat' dir='ltr'><strong>qui</strong></span> <span class='ocrx_word' id='word_1_167' title='bbox 1022 2494 1076 2558; x_wconf 87' lang='lat' dir='ltr'><strong>per</strong></span> <span class='ocrx_word' id='word_1_168' title='bbox 1098 2469 1254 2557; x_wconf 81' lang='lat' dir='ltr'><strong>prolepsin</strong></span> 
     </span>
     <span class='ocr_line' id='line_1_20' title="bbox 164 2580 1256 2668; baseline -0.002 -23"><span class='ocrx_word' id='word_1_169' title='bbox 164 2580 300 2646; x_wconf 84' lang='lat' dir='ltr'><strong>subiecti</strong></span> <span class='ocrx_word' id='word_1_170' title='bbox 322 2583 579 2668; x_wconf 87' lang='lat' dir='ltr'><strong>interpretantur:</strong></span> <span class='ocrx_word' id='word_1_171' title='bbox 603 2584 761 2662; x_wconf 71' lang='grc' dir='ltr'><em>διωμόσατο</em></span> <span class='ocrx_word' id='word_1_172' title='bbox 782 2589 818 2658; x_wconf 81' lang='grc' dir='ltr'><strong>ός</strong></span> <span class='ocrx_word' id='word_1_173' title='bbox 840 2589 855 2648; x_wconf 86' lang='grc' dir='ltr'><em>ό</em></span> <span class='ocrx_word' id='word_1_174' title='bbox 878 2585 998 2666; x_wconf 79' lang='grc' dir='ltr'><em>φεόνων</em></span> <span class='ocrx_word' id='word_1_175' title='bbox 1019 2583 1126 2648; x_wconf 72' lang='grc' dir='ltr'><em>ἔκτεινε</em></span> <span class='ocrx_word' id='word_1_176' title='bbox 1143 2582 1256 2666; x_wconf 80' lang='lat' dir='ltr'><strong>(Auge-</strong></span> 
     </span>
     <span class='ocr_line' id='line_1_21' title="bbox 164 2693 1253 2782; baseline -0.001 -25"><span class='ocrx_word' id='word_1_177' title='bbox 164 2693 262 2778; x_wconf 87' lang='lat' dir='ltr'><strong>rius)‚</strong></span> <span class='ocrx_word' id='word_1_178' title='bbox 287 2693 479 2759; x_wconf 85' lang='lat' dir='ltr'><strong>durissimam</strong></span> <span class='ocrx_word' id='word_1_179' title='bbox 503 2695 670 2760; x_wconf 88' lang='lat' dir='ltr'><strong>admittunt</strong></span> <span class='ocrx_word' id='word_1_180' title='bbox 681 2704 883 2774; x_wconf 76' lang='lat' dir='ltr'><strong>structuram,</strong></span> <span class='ocrx_word' id='word_1_181' title='bbox 897 2719 976 2782; x_wconf 88' lang='lat' dir='ltr'><strong>quae</strong></span> <span class='ocrx_word' id='word_1_182' title='bbox 992 2696 1065 2760; x_wconf 86' lang='lat' dir='ltr'><strong>locis</strong></span> <span class='ocrx_word' id='word_1_183' title='bbox 1082 2695 1178 2759; x_wconf 88' lang='lat' dir='ltr'><strong>Arist.</strong></span> <span class='ocrx_word' id='word_1_184' title='bbox 1197 2695 1253 2756; x_wconf 80' lang='lat' dir='ltr'><strong>Av.</strong></span> 
     </span>
     <span class='ocr_line' id='line_1_22' title="bbox 168 2805 1254 2891; baseline 0.001 -24"><span class='ocrx_word' id='word_1_185' title='bbox 168 2807 236 2869; x_wconf 82' lang='lat'><strong>653</strong></span> <span class='ocrx_word' id='word_1_186' title='bbox 253 2807 325 2888; x_wconf 82' lang='grc' dir='ltr'><em>(ἔστι</em></span> <span class='ocrx_word' id='word_1_187' title='bbox 337 2805 494 2883; x_wconf 76' lang='grc' dir='ltr'><em>λεγόμενον</em></span> <span class='ocrx_word' id='word_1_188' title='bbox 508 2807 540 2880; x_wconf 74' lang='grc' dir='ltr'><em>δώ</em></span> <span class='ocrx_word' id='word_1_189' title='bbox 552 2831 598 2889; x_wconf 82' lang='grc' dir='ltr'><strong>τι,</strong></span> <span class='ocrx_word' id='word_1_190' title='bbox 616 2809 667 2882; x_wconf 64' lang='grc' dir='ltr'><strong>τὴν</strong></span> <span class='ocrx_word' id='word_1_191' title='bbox 683 2809 835 2891; x_wconf 75' lang='grc' dir='ltr'><em>ἀλώπεχ’,</em></span> <span class='ocrx_word' id='word_1_192' title='bbox 852 2811 888 2878; x_wconf 70' lang='lat' dir='ltr'><strong>cir</strong></span> <span class='ocrx_word' id='word_1_193' title='bbox 900 2806 1038 2890; x_wconf 75' lang='grc' dir='ltr'><em>φλονύρως</em></span> <span class='ocrx_word' id='word_1_194' title='bbox 1050 2805 1254 2888; x_wconf 76' lang='grc' dir='ltr'><em>ἐκοινώνησεν),</em></span> 
     </span>
     <span class='ocr_line' id='line_1_23' title="bbox 164 2915 1253 2996; baseline -0.002 -16"><span class='ocrx_word' id='word_1_195' title='bbox 164 2915 248 2980; x_wconf 83' lang='lat' dir='ltr'><strong>Xon.</strong></span> <span class='ocrx_word' id='word_1_196' title='bbox 277 2915 337 2982; x_wconf 78' lang='lat' dir='ltr'><strong>GP.</strong></span> <span class='ocrx_word' id='word_1_197' title='bbox 369 2917 413 2980; x_wconf 92' lang='grc' dir='ltr'><strong>Π.</strong></span> <span class='ocrx_word' id='word_1_198' title='bbox 449 2921 476 2981; x_wconf 93' lang='grc'><strong>1.</strong></span> <span class='ocrx_word' id='word_1_199' title='bbox 511 2920 547 2996; x_wconf 78' lang='lat'><strong>5,</strong></span> <span class='ocrx_word' id='word_1_200' title='bbox 573 2930 603 2982; x_wconf 88' lang='lat' dir='ltr'><strong>et</strong></span> <span class='ocrx_word' id='word_1_201' title='bbox 626 2919 724 2982; x_wconf 86' lang='lat' dir='ltr'><strong>simm.</strong></span> <span class='ocrx_word' id='word_1_202' title='bbox 749 2941 810 2983; x_wconf 89' lang='lat' dir='ltr'><strong>nou</strong></span> <span class='ocrx_word' id='word_1_203' title='bbox 835 2919 1029 2995; x_wconf 78' lang='lat' dir='ltr'><strong>defenditur3</strong></span> <span class='ocrx_word' id='word_1_204' title='bbox 1054 2926 1140 2994; x_wconf 84' lang='lat' dir='ltr'><strong>tum,</strong></span> <span class='ocrx_word' id='word_1_205' title='bbox 1164 2916 1253 2980; x_wconf 88' lang='lat' dir='ltr'><strong>etiam</strong></span> 
     </span>
     <span class='ocr_line' id='line_1_24' title="bbox 165 3027 1258 3116; baseline -0.002 -25"><span class='ocrx_word' id='word_1_206' title='bbox 165 3027 197 3090; x_wconf 86' lang='lat' dir='ltr'><strong>si</strong></span> <span class='ocrx_word' id='word_1_207' title='bbox 219 3034 282 3092; x_wconf 84' lang='lat' dir='ltr'><strong>tam</strong></span> <span class='ocrx_word' id='word_1_208' title='bbox 305 3029 405 3093; x_wconf 81' lang='lat' dir='ltr'><strong>audax</strong></span> <span class='ocrx_word' id='word_1_209' title='bbox 427 3029 570 3094; x_wconf 88' lang='lat' dir='ltr'><strong>iunctura</strong></span> <span class='ocrx_word' id='word_1_210' title='bbox 593 3030 713 3095; x_wconf 81' lang='lat' dir='ltr'><strong>admitti</strong></span> <span class='ocrx_word' id='word_1_211' title='bbox 738 3039 857 3116; x_wconf 87' lang='lat' dir='ltr'><strong>posset,</strong></span> <span class='ocrx_word' id='word_1_212' title='bbox 884 3032 962 3095; x_wconf 87' lang='lat' dir='ltr'><strong>alius</strong></span> <span class='ocrx_word' id='word_1_213' title='bbox 982 3039 1084 3094; x_wconf 86' lang='lat' dir='ltr'><strong>tamen</strong></span> <span class='ocrx_word' id='word_1_214' title='bbox 1105 3027 1179 3092; x_wconf 88' lang='lat' dir='ltr'><strong>ordo</strong></span> <span class='ocrx_word' id='word_1_215' title='bbox 1196 3049 1258 3090; x_wconf 87' lang='lat' dir='ltr'><strong>ver·</strong></span> 
     </span>
     <span class='ocr_line' id='line_1_25' title="bbox 165 3137 1256 3227; baseline -0.002 -25"><span class='ocrx_word' id='word_1_216' title='bbox 165 3137 278 3204; x_wconf 89' lang='lat' dir='ltr'><strong>borum</strong></span> <span class='ocrx_word' id='word_1_217' title='bbox 301 3141 508 3224; x_wconf 87' lang='lat' dir='ltr'><strong>requireretur</strong></span> <span class='ocrx_word' id='word_1_218' title='bbox 534 3142 594 3225; x_wconf 81' lang='grc' dir='ltr'><strong>(τόν</strong></span> <span class='ocrx_word' id='word_1_219' title='bbox 616 3143 769 3224; x_wconf 77' lang='grc' dir='ltr'><em>φεόνονοιι</em></span> <span class='ocrx_word' id='word_1_220' title='bbox 791 3146 828 3215; x_wconf 75' lang='grc' dir='ltr'><strong>οῖς</strong></span> <span class='ocrx_word' id='word_1_221' title='bbox 851 3143 979 3227; x_wconf 81' lang='grc' dir='ltr'><em>ἔκτεινε.)</em></span> <span class='ocrx_word' id='word_1_222' title='bbox 1026 3140 1105 3205; x_wconf 87' lang='lat' dir='ltr'><strong>Mihi</strong></span> <span class='ocrx_word' id='word_1_223' title='bbox 1128 3139 1190 3203; x_wconf 85' lang='lat' dir='ltr'><strong>veri</strong></span> <span class='ocrx_word' id='word_1_224' title='bbox 1218 3138 1256 3201; x_wconf 90' lang='lat' dir='ltr'><strong>si·</strong></span> 
     </span>
     <span class='ocr_line' id='line_1_26' title="bbox 165 3249 1255 3336; baseline -0.002 -22"><span class='ocrx_word' id='word_1_225' title='bbox 165 3249 273 3314; x_wconf 87' lang='lat' dir='ltr'><strong>milius</strong></span> <span class='ocrx_word' id='word_1_226' title='bbox 296 3274 361 3315; x_wconf 88' lang='lat' dir='ltr'><strong>esse</strong></span> <span class='ocrx_word' id='word_1_227' title='bbox 383 3252 506 3316; x_wconf 82' lang='lat' dir='ltr'><strong>videtur</strong></span> <span class='ocrx_word' id='word_1_228' title='bbox 529 3253 619 3318; x_wconf 86' lang='lat' dir='ltr'><strong>verba</strong></span> <span class='ocrx_word' id='word_1_229' title='bbox 641 3254 690 3318; x_wconf 83' lang='grc' dir='ltr'><strong>τὸν</strong></span> <span class='ocrx_word' id='word_1_230' title='bbox 713 3251 865 3336; x_wconf 80' lang='grc' dir='ltr'><em>φεύγοντοι</em></span> <span class='ocrx_word' id='word_1_231' title='bbox 889 3254 927 3318; x_wconf 88' lang='lat' dir='ltr'><strong>ad</strong></span> <span class='ocrx_word' id='word_1_232' title='bbox 941 3255 990 3320; x_wconf 79' lang='grc' dir='ltr'><strong>τόν</strong></span> <span class='ocrx_word' id='word_1_233' title='bbox 1005 3251 1131 3327; x_wconf 78' lang='grc' dir='ltr'><em>δόξοντοι</em></span> <span class='ocrx_word' id='word_1_234' title='bbox 1147 3258 1255 3316; x_wconf 82' lang='grc' dir='ltr'><em>κοεῖνοιι</em></span> 
     </span>
     <span class='ocr_line' id='line_1_27' title="bbox 165 3362 1021 3448; baseline 0.005 -22"><span class='ocrx_word' id='word_1_235' title='bbox 165 3362 396 3446; x_wconf 86' lang='lat' dir='ltr'><strong>interpretanda</strong></span> <span class='ocrx_word' id='word_1_236' title='bbox 421 3363 575 3448; x_wconf 81' lang='lat' dir='ltr'><strong>adscripta</strong></span> <span class='ocrx_word' id='word_1_237' title='bbox 597 3365 696 3428; x_wconf 82' lang='lat' dir='ltr'><strong>alieno</strong></span> <span class='ocrx_word' id='word_1_238' title='bbox 720 3365 786 3430; x_wconf 91' lang='lat' dir='ltr'><strong>loco</strong></span> <span class='ocrx_word' id='word_1_239' title='bbox 810 3367 924 3431; x_wconf 86' lang='lat' dir='ltr'><strong>inserta</strong></span> <span class='ocrx_word' id='word_1_240' title='bbox 947 3389 1021 3432; x_wconf 85' lang='lat' dir='ltr'><strong>esse.</strong></span> 
     </span>
    </p>
   </div>
   <div class='ocr_carea' id='block_1_3' title="bbox 167 3461 1257 4005">
    <p class='ocr_par' dir='ltr' id='par_1_4' title="bbox 167 3461 1257 4005">
     <span class='ocr_line' id='line_1_28' title="bbox 213 3461 1256 3557; baseline 0.002 -22"><span class='ocrx_word' id='word_1_241' title='bbox 213 3473 232 3557; x_wconf 57' lang='grc' dir='ltr'><em>ό</em></span> <span class='ocrx_word' id='word_1_242' title='bbox 255 3473 306 3537; x_wconf 83' lang='grc' dir='ltr'><strong>14ι.</strong></span> <span class='ocrx_word' id='word_1_243' title='bbox 353 3473 387 3551; x_wconf 78' lang='grc' dir='ltr'><strong>ἐξ</strong></span> <span class='ocrx_word' id='word_1_244' title='bbox 407 3471 444 3538; x_wconf 83' lang='grc' dir='ltr'><strong>ὧν</strong></span> <span class='ocrx_word' id='word_1_245' title='bbox 466 3476 567 3541; x_wconf 77' lang='grc' dir='ltr'><em>ἀδικῶν</em></span> <span class='ocrx_word' id='word_1_246' title='bbox 590 3480 620 3541; x_wconf 83' lang='grc' dir='ltr'><strong>οὐ</strong></span> <span class='ocrx_word' id='word_1_247' title='bbox 642 3475 766 3548; x_wconf 81' lang='grc' dir='ltr'><em>δεδωκοις</em></span> <span class='ocrx_word' id='word_1_248' title='bbox 790 3461 957 3554; x_wconf 67' lang='grc' dir='ltr'><em>δόκην,”οἷει</em></span> <span class='ocrx_word' id='word_1_249' title='bbox 980 3479 1036 3543; x_wconf 92' lang='grc' dir='ltr'><em>δεῖν</em></span> <span class='ocrx_word' id='word_1_250' title='bbox 1060 3481 1256 3549; x_wconf 58' lang='lat' dir='ltr'><strong>maseriarum</strong></span> 
     </span>
     <span class='ocr_line' id='line_1_29' title="bbox 167 3581 1257 3672; baseline 0.001 -25"><span class='ocrx_word' id='word_1_251' title='bbox 167 3581 440 3669; x_wconf 82' lang='lat' dir='ltr'><strong>Corrumperemus</strong></span> <span class='ocrx_word' id='word_1_252' title='bbox 466 3585 546 3650; x_wconf 90' lang='lat' dir='ltr'><strong>huuc</strong></span> <span class='ocrx_word' id='word_1_253' title='bbox 570 3586 672 3650; x_wconf 87' lang='lat' dir='ltr'><strong>locum</strong></span> <span class='ocrx_word' id='word_1_254' title='bbox 695 3589 721 3650; x_wconf 88' lang='lat' dir='ltr'><strong>si</strong></span> <span class='ocrx_word' id='word_1_255' title='bbox 744 3589 776 3652; x_wconf 84' lang='grc' dir='ltr'><strong>σε’</strong></span> <span class='ocrx_word' id='word_1_256' title='bbox 793 3588 1036 3666; x_wconf 80' lang='lat' dir='ltr'><strong>intruderrmus,</strong></span> <span class='ocrx_word' id='word_1_257' title='bbox 1053 3586 1136 3672; x_wconf 89' lang='lat' dir='ltr'><strong>quod</strong></span> <span class='ocrx_word' id='word_1_258' title='bbox 1152 3585 1257 3650; x_wconf 85' lang='lat' dir='ltr'><strong>eadem</strong></span> 
     </span>
     <span class='ocr_line' id='line_1_30' title="bbox 167 3695 1256 3784; baseline 0.005 -26"><span class='ocrx_word' id='word_1_259' title='bbox 167 3695 310 3759; x_wconf 86' lang='lat' dir='ltr'><strong>libertate</strong></span> <span class='ocrx_word' id='word_1_260' title='bbox 333 3696 501 3774; x_wconf 87' lang='lat' dir='ltr'><strong>omittitur,</strong></span> <span class='ocrx_word' id='word_1_261' title='bbox 535 3720 596 3782; x_wconf 89' lang='lat' dir='ltr'><strong>qua</strong></span> <span class='ocrx_word' id='word_1_262' title='bbox 618 3697 691 3762; x_wconf 90' lang='lat' dir='ltr'><strong>alibi</strong></span> <span class='ocrx_word' id='word_1_263' title='bbox 715 3707 785 3784; x_wconf 87' lang='lat' dir='ltr'><strong>post</strong></span> <span class='ocrx_word' id='word_1_264' title='bbox 808 3699 864 3763; x_wconf 89' lang='grc' dir='ltr'><em>δεῖν</em></span> <span class='ocrx_word' id='word_1_265' title='bbox 888 3708 918 3764; x_wconf 87' lang='lat' dir='ltr'><strong>et</strong></span> <span class='ocrx_word' id='word_1_266' title='bbox 941 3709 1046 3780; x_wconf 76' lang='grc' dir='ltr'><em>χρῆνοιι</em></span> <span class='ocrx_word' id='word_1_267' title='bbox 1070 3701 1256 3765; x_wconf 88' lang='lat' dir='ltr'><strong>constructio</strong></span> 
     </span>
     <span class='ocr_line' id='line_1_31' title="bbox 168 3805 1255 3874; baseline 0.005 -6"><span class='ocrx_word' id='word_1_268' title='bbox 168 3805 214 3869; x_wconf 87' lang='lat' dir='ltr'><strong>sic</strong></span> <span class='ocrx_word' id='word_1_269' title='bbox 243 3807 442 3871; x_wconf 88' lang='lat' dir='ltr'><strong>continuatur</strong></span> <span class='ocrx_word' id='word_1_270' title='bbox 472 3831 507 3871; x_wconf 90' lang='lat' dir='ltr'><strong>ac</strong></span> <span class='ocrx_word' id='word_1_271' title='bbox 537 3810 563 3872; x_wconf 84' lang='lat' dir='ltr'><strong>si</strong></span> <span class='ocrx_word' id='word_1_272' title='bbox 593 3809 647 3873; x_wconf 85' lang='lat' dir='ltr'><strong>illa</strong></span> <span class='ocrx_word' id='word_1_273' title='bbox 665 3808 767 3874; x_wconf 86' lang='lat' dir='ltr'><strong>¹verba</strong></span> <span class='ocrx_word' id='word_1_274' title='bbox 795 3833 857 3874; x_wconf 89' lang='lat' dir='ltr'><strong>nou</strong></span> <span class='ocrx_word' id='word_1_275' title='bbox 879 3811 1129 3874; x_wconf 87' lang='lat' dir='ltr'><strong>intercessissent.</strong></span> <span class='ocrx_word' id='word_1_276' title='bbox 1177 3809 1255 3873; x_wconf 89' lang='lat' dir='ltr'><strong>Xeu.</strong></span> 
     </span>
     <span class='ocr_line' id='line_1_32' title="bbox 168 3915 1255 4005; baseline 0.005 -26"><span class='ocrx_word' id='word_1_277' title='bbox 168 3915 281 3981; x_wconf 72' lang='lat' dir='ltr'>GRV.</span> <span class='ocrx_word' id='word_1_278' title='bbox 303 3920 334 3981; x_wconf 78' lang='grc' dir='ltr'><strong>ῖῖ.</strong></span> <span class='ocrx_word' id='word_1_279' title='bbox 359 3921 416 3983; x_wconf 80' lang='lat'><strong>17:</strong></span> <span class='ocrx_word' id='word_1_280' title='bbox 440 3917 543 3983; x_wconf 80' lang='grc' dir='ltr'><em>οῖονοοιι</em></span> <span class='ocrx_word' id='word_1_281' title='bbox 564 3921 620 3984; x_wconf 88' lang='grc' dir='ltr'><em>δεῖν</em></span> <span class='ocrx_word' id='word_1_282' title='bbox 639 3920 768 4001; x_wconf 78' lang='grc' dir='ltr'><em>φρόνιμοι</em></span> <span class='ocrx_word' id='word_1_283' title='bbox 787 3921 838 3984; x_wconf 76' lang='lat' dir='ltr'><strong>aci</strong></span> <span class='ocrx_word' id='word_1_284' title='bbox 858 3921 963 4001; x_wconf 78' lang='grc' dir='ltr'><em>μέτριοι</em></span> <span class='ocrx_word' id='word_1_285' title='bbox 985 3922 1149 4001; x_wconf 77' lang='grc' dir='ltr'><em>φωῖνοοόοιι.</em></span> <span class='ocrx_word' id='word_1_286' title='bbox 1184 3920 1255 4005; x_wconf 70' lang='lat' dir='ltr'><strong>lays.</strong></span> 
     </span>
    </p>
   </div>
   <div class='ocr_carea' id='block_1_4' title="bbox 114 4028 1259 4443">
    <p class='ocr_par' dir='ltr' id='par_1_5' title="bbox 114 4028 1259 4443">
     <span class='ocr_line' id='line_1_33' title="bbox 172 4028 1257 4112; baseline 0.005 -23"><span class='ocrx_word' id='word_1_287' title='bbox 172 4028 226 4090; x_wconf 83' lang='lat'><strong>30.</strong></span> <span class='ocrx_word' id='word_1_288' title='bbox 259 4030 295 4089; x_wconf 87' lang='lat'><strong>8:</strong></span> <span class='ocrx_word' id='word_1_289' title='bbox 320 4028 376 4092; x_wconf 80' lang='lat' dir='ltr'><strong>vovi</strong></span> <span class='ocrx_word' id='word_1_290' title='bbox 399 4029 429 4092; x_wconf 81' lang='grc' dir='ltr'><em>δὲ</em></span> <span class='ocrx_word' id='word_1_291' title='bbox 451 4029 514 4109; x_wconf 75' lang='grc' dir='ltr'><em>περὶ</em></span> <span class='ocrx_word' id='word_1_292' title='bbox 538 4036 595 4094; x_wconf 73' lang='grc' dir='ltr'><strong>τῶν</strong></span> <span class='ocrx_word' id='word_1_293' title='bbox 617 4039 669 4104; x_wconf 76' lang='grc' dir='ltr'><strong>τῆς</strong></span> <span class='ocrx_word' id='word_1_294' title='bbox 693 4032 803 4103; x_wconf 70' lang='grc' dir='ltr'><em>πόλεως</em></span> <span class='ocrx_word' id='word_1_295' title='bbox 826 4033 982 4111; x_wconf 75' lang='grc' dir='ltr'><em>κρινόμενος</em></span> <span class='ocrx_word' id='word_1_296' title='bbox 1005 4035 1129 4107; x_wconf 75' lang='grc' dir='ltr'><em>οῖιόοετοιι</em></span> <span class='ocrx_word' id='word_1_297' title='bbox 1152 4040 1257 4112; x_wconf 77' lang='grc' dir='ltr'><em>χρῆναι</em></span> 
     </span>
     <span class='ocr_line' id='line_1_34' title="bbox 114 4140 1256 4219; baseline 0.002 -16"><span class='ocrx_word' id='word_1_298' title='bbox 114 4177 119 4187; x_wconf 85' lang='lat'><strong>·</strong></span> <span class='ocrx_word' id='word_1_299' title='bbox 173 4140 243 4214; x_wconf 78' lang='grc' dir='ltr'><em>ἐμοῦ</em></span> <span class='ocrx_word' id='word_1_300' title='bbox 272 4147 437 4219; x_wconf 69' lang='grc' dir='ltr'><em>κατηγορῶν</em></span> <span class='ocrx_word' id='word_1_301' title='bbox 469 4142 535 4216; x_wconf 79' lang='grc' dir='ltr'><em>ὑμῖν</em></span> <span class='ocrx_word' id='word_1_302' title='bbox 564 4144 605 4217; x_wconf 66' lang='grc' dir='ltr'><strong>μὴ</strong></span> <span class='ocrx_word' id='word_1_303' title='bbox 637 4142 729 4206; x_wconf 81' lang='grc' dir='ltr'><em>δοῦννιι</em></span> <span class='ocrx_word' id='word_1_304' title='bbox 768 4142 855 4217; x_wconf 75' lang='grc' dir='ltr'><em>δίκην.</em></span> <span class='ocrx_word' id='word_1_305' title='bbox 903 4143 980 4207; x_wconf 87' lang='lat' dir='ltr'><strong>Plat.</strong></span> <span class='ocrx_word' id='word_1_306' title='bbox 1004 4144 1088 4206; x_wconf 92' lang='lat' dir='ltr'><strong>Prot.</strong></span> <span class='ocrx_word' id='word_1_307' title='bbox 1114 4144 1188 4206; x_wconf 86' lang='grc'><strong>316.</strong></span> <span class='ocrx_word' id='word_1_308' title='bbox 1215 4141 1256 4205; x_wconf 85' lang='lat' dir='ltr'><strong>O:</strong></span> 
     </span>
     <span class='ocr_line' id='line_1_35' title="bbox 175 4249 1259 4335; baseline 0.005 -22"><span class='ocrx_word' id='word_1_309' title='bbox 175 4249 271 4314; x_wconf 80' lang='grc' dir='ltr'><em>οινόοιει</em></span> <span class='ocrx_word' id='word_1_310' title='bbox 295 4249 411 4329; x_wconf 76' lang='grc' dir='ltr'><em>πότερον</em></span> <span class='ocrx_word' id='word_1_311' title='bbox 435 4252 497 4329; x_wconf 75' lang='grc' dir='ltr'><strong>περὶ</strong></span> <span class='ocrx_word' id='word_1_312' title='bbox 521 4254 617 4316; x_wconf 78' lang='grc' dir='ltr'><em>αὐτῶν</em></span> <span class='ocrx_word' id='word_1_313' title='bbox 640 4254 723 4329; x_wconf 77' lang='grc' dir='ltr'><em>μόνος</em></span> <span class='ocrx_word' id='word_1_314' title='bbox 751 4252 799 4316; x_wconf 77' lang='grc' dir='ltr'><em>οἴει</em></span> <span class='ocrx_word' id='word_1_315' title='bbox 827 4255 883 4318; x_wconf 86' lang='grc' dir='ltr'><em>δεῖν</em></span> <span class='ocrx_word' id='word_1_316' title='bbox 905 4255 1090 4333; x_wconf 72' lang='grc' dir='ltr'><em>διοιλὲγεσώοιι</em></span> <span class='ocrx_word' id='word_1_317' title='bbox 1114 4259 1181 4335; x_wconf 71' lang='grc' dir='ltr'><strong>πρὸς</strong></span> <span class='ocrx_word' id='word_1_318' title='bbox 1208 4253 1259 4331; x_wconf 81' lang='grc' dir='ltr'><strong>μό-</strong></span> 
     </span>
     <span class='ocr_line' id='line_1_36' title="bbox 178 4361 1258 4443; baseline 0.003 -18"><span class='ocrx_word' id='word_1_319' title='bbox 178 4381 250 4441; x_wconf 77' lang='grc' dir='ltr'><em>νοις,</em></span> <span class='ocrx_word' id='word_1_320' title='bbox 280 4361 297 4436; x_wconf 78' lang='grc' dir='ltr'><em>ἢ</em></span> <span class='ocrx_word' id='word_1_321' title='bbox 327 4361 395 4438; x_wconf 76' lang='grc' dir='ltr'><strong>μετ’</strong></span> <span class='ocrx_word' id='word_1_322' title='bbox 426 4363 534 4428; x_wconf 71' lang='grc' dir='ltr'><em>ἀλλων.</em></span> <span class='ocrx_word' id='word_1_323' title='bbox 583 4363 741 4427; x_wconf 87' lang='lat' dir='ltr'><strong>Demosth.</strong></span> <span class='ocrx_word' id='word_1_324' title='bbox 769 4366 819 4428; x_wconf 88' lang='grc'><strong>19.</strong></span> <span class='ocrx_word' id='word_1_325' title='bbox 849 4368 930 4429; x_wconf 78' lang='lat'><strong>235:</strong></span> <span class='ocrx_word' id='word_1_326' title='bbox 962 4366 1042 4438; x_wconf 79' lang='grc' dir='ltr'><em>εὐθὺς</em></span> <span class='ocrx_word' id='word_1_327' title='bbox 1072 4364 1203 4443; x_wconf 72' lang='grc' dir='ltr'><em>ἡγούμην</em></span> <span class='ocrx_word' id='word_1_328' title='bbox 1229 4369 1258 4433; x_wconf 82' lang='grc' dir='ltr'><strong>ἐν</strong></span> 
     </span>
    </p>
   </div>
   <div class='ocr_carea' id='block_1_5' title="bbox 0 0 1437 5024">
    <p class='ocr_par' dir='ltr' id='par_1_6' title="bbox 0 0 1437 5024">
     <span class='ocr_line' id='line_1_37' title="bbox 0 0 1437 5024; baseline 0 0"><span class='ocrx_word' id='word_1_329' title='bbox 0 0 1437 5024; x_wconf 95' lang='lat' dir='ltr'><strong> </strong></span> 
     </span>
    </p>
   </div>
  </div>
 </body>
</html>
