2850 5024
646 362 686 422 al

124 560 425 646 interpolationibus.
464 559 533 623 Scio
554 559 675 624 difficile
700 583 763 623 esse
787 558 904 637 dicere,
930 559 1004 644 quid
1028 559 1155 624 humani
1170 561 1214 624 in-

124 673 208 758 genii
239 674 317 737 acies
347 672 379 736 iu
412 680 567 756 posterum
598 672 628 735 in
661 672 708 735 his
740 671 936 736 emendandis
968 671 1081 735 efficere
1104 672 1211 756 possit.

124 784 183 848 Sed
215 794 284 870 post
313 785 426 849 multas
457 785 625 849 multorum
656 784 899 862 lucubrationes,
932 785 965 848 in
996 784 1107 867 quibus
1138 807 1210 869 prae

123 897 250 982 reliquis
274 897 430 961 Dobreum
453 905 483 960 et
506 896 658 961 Cobetum
681 896 830 960 nominari
853 918 909 982 par
924 903 986 974 est,
1004 902 1126 959 tantum
1141 917 1211 959 con·

122 1009 211 1072 stitui
235 1017 353 1093 potest,
378 1010 410 1073 in
434 1009 540 1073 multis
564 1031 626 1072 non
650 1008 785 1072 sufficere
809 1031 897 1094 posse
921 1008 1045 1072 criticen
1070 1006 1210 1072 emenda-

121 1121 246 1197 tricem,
270 1127 306 1184 nt
329 1142 528 1205 agnoscamus
551 1120 675 1205 Lysiam
699 1143 785 1196 eum,
811 1118 898 1183 cuins
921 1118 1027 1182 laudes
1044 1125 1110 1182 tota
1124 1138 1208 1204 prae-

121 1232 203 1295 dicet
227 1231 405 1316 antiquitas.
442 1230 475 1294 Si
498 1231 647 1315 ampullas
672 1231 876 1294 inveniremus
900 1238 930 1293 et
953 1230 1084 1315 ineptias
1108 1229 1209 1293 rheto-

119 1343 213 1420 ricas,
238 1365 395 1428 possemus
419 1343 579 1406 Platonem
603 1343 645 1428 (in
670 1342 822 1427 Phaedro)
839 1350 869 1406 et
884 1341 1131 1426 Theophrastum
1147 1341 1207 1426 (ap.

120 1454 213 1518 Dion.
239 1454 259 1517 l.
284 1454 304 1517 1.
330 1477 355 1519 c.
383 1458 436 1539 14)
459 1456 622 1533 antestari,
647 1462 683 1518 ut
707 1462 865 1541 appareret
882 1453 1020 1539 quamvis
1035 1451 1208 1537 improban-

119 1565 212 1642 dum,
237 1572 339 1629 tamen
362 1566 445 1629 hune
469 1590 533 1630 esse
557 1573 707 1630 oratorem
730 1567 835 1644 illum,
853 1589 945 1650 quem
961 1564 1008 1628 illi
1023 1564 1206 1630 describant.

119 1675 212 1741 Nunc
236 1700 305 1740 vero
329 1677 420 1763 longe
443 1679 553 1743 accidit
576 1701 672 1743 secus.
936 1668 939 1675 ⁸

164 1787 224 1852 Sed
247 1812 308 1854 non
332 1797 454 1854 tantum
477 1791 592 1856 falsarii
616 1814 670 1855 nos
695 1790 809 1855 ludunt
833 1797 863 1854 eh
885 1789 1019 1867 librarii,
1045 1787 1206 1853 sedetiam

117 1901 172 1964 alii
196 1902 385 1986 corruptelae
409 1904 512 1986 generi
534 1904 592 1967 hae
615 1903 766 1966 orationes
791 1902 945 1985 expositae
968 1901 1102 1964 fuerunt.
1134 1897 1207 1984 Epi-

117 2020 224 2076 tomen
254 2036 348 2077 unam
378 2022 529 2099 receptam
557 2015 651 2079 fuisse
684 2013 948 2097 (Theomnesteam
971 2011 1108 2096 alteram)
1131 2011 1206 2075 vidi-

116 2147 204 2201 mus;
230 2146 303 2188 casu
326 2125 453 2203 accidit,
478 2136 514 2189 ut
537 2127 653 2203 oratio,
679 2148 756 2210 qnae
779 2125 811 2188 iu
834 2123 986 2208 epitomen
1003 2122 1126 2186 redacta
1142 2137 1203 2200 est,

114 2235 206 2298 nobis
230 2243 348 2299 servata
371 2237 419 2300 sit.
456 2235 515 2300 Sed
538 2237 603 2300 fieri
620 2242 775 2322 praeterea
790 2242 907 2320 potest,
932 2243 967 2298 ut
984 2234 1132 2299 breviaria
1146 2233 1206 2318 Ly-

116 2346 207 2408 siacis
232 2346 336 2410 addita
359 2348 438 2424 sint,
464 2369 594 2431 quorum
616 2347 796 2427 orpuro'rurrc
817 2345 999 2410 interierint.
1036 2343 1073 2408 Id
1098 2344 1204 2429 proba-

115 2457 179 2522 bile
202 2458 277 2523 adeo
301 2467 355 2523 est.
389 2460 428 2524 In
451 2460 559 2524 iisdem
576 2461 656 2524 euim
672 2459 861 2525 orationibus
870 2509 879 2538 ,
898 2481 975 2542 quae
991 2458 1073 2522 locos
1088 2455 1204 2521 habeut

115 2569 214 2634 bonos
238 2578 329 2657 atque
350 2571 502 2656 insignes,
520 2571 673 2637 delectum
690 2571 959 2636 animadvertimus
976 2567 1201 2644 cohaerentiae,

114 2687 153 2743 ut
182 2680 300 2745 omissis
333 2683 530 2768 compagibus
561 2684 669 2760 lateat,
703 2705 757 2747 cur
786 2683 907 2768 singula
930 2682 1124 2767 proferantur
1149 2678 1200 2761 (cf.

113 2791 154 2855 ad
178 2799 253 2856 orat.
281 2795 318 2858 17
346 2802 376 2856 et
401 2796 466 2878 18),
488 2803 555 2857 tum
571 2794 631 2858 alia
647 2793 918 2879 deprehenduntur
934 2791 1127 2877 epitomatori
1142 2813 1204 2854 ma-

112 2904 161 2989 gis
193 2905 316 2989 propria
347 2927 439 2989 quam
468 2905 603 2970 librario.
650 2905 697 2969 Cf.
724 2905 828 2970 ador.
856 2906 896 2966 22
921 2903 979 2968 snb
996 2904 1016 2967 f.
1042 2902 1134 2967 etad
1159 2904 1200 2965 23

113 3015 173 3080 sub
197 3016 217 3079 f.
243 3023 274 3079 et
297 3014 335 3078 ad
361 3018 399 3081 17
426 3016 492 3081 init.

160 3126 289 3190 Gravem
320 3127 416 3211 igitur
446 3127 595 3191 iacturam
618 3127 701 3214 passi
725 3125 879 3203 videmnr;
903 3146 967 3188 uon
989 3130 1111 3188 tantum
1133 3145 1202 3209 spu-

113 3237 177 3301 riae
209 3260 264 3323 pro
295 3240 446 3323 germanis
470 3240 522 3303 sed
547 3241 638 3303 etiam
662 3238 811 3304 breviaria
834 3260 889 3323 pro
913 3235 1102 3301 orationibus
1125 3234 1202 3298 inte·

113 3349 177 3432 gris
200 3349 289 3413 nobis
312 3351 417 3414 relicta
440 3358 520 3415 sunt.
568 3351 726 3415 Habemus
749 3358 869 3427 tamen,
893 3348 975 3434 quod
995 3347 1084 3413 nobis
1100 3353 1202 3431 gratu-

112 3459 229 3538 lemur,
254 3462 337 3546 quod
361 3487 397 3527 ex
420 3472 507 3528 tanto
530 3464 690 3547 naufragio
714 3471 794 3527 certe
811 3462 960 3547 quaedam
975 3460 1049 3524 satis
1065 3459 1201 3542 integrae

111 3572 261 3657 reliquiae
291 3576 379 3640 nobis
412 3584 546 3640 servatae
578 3583 665 3653 sunt3
691 3575 744 3639 sed
768 3575 816 3638 bis
842 3596 903 3658 quo
926 3573 1022 3658 magis
1048 3570 1198 3646 delector,

111 3691 200 3747 tanto
230 3688 326 3771 magis
359 3689 495 3754 offendor
525 3689 714 3775 reliquarum
743 3689 857 3753 naevis.
893 3685 985 3766 Quod
1018 3687 1042 3750 si
1067 3690 1200 3747 statuen-

111 3793 188 3857 dum
212 3805 274 3874 est,
298 3799 386 3863 nobis
410 3822 493 3864 nnnc
516 3823 578 3864 non
602 3800 675 3863 satis
699 3799 737 3863 de
760 3799 872 3862 virtute
894 3797 1113 3861 nonnullarum
1136 3818 1199 3859 ora-

109 3905 248 3986 tionum,
274 3932 351 3994 qnae
374 3909 436 3973 sint
456 3910 618 3995 Lysiacae,
636 3909 771 3973 iudicare
787 3910 894 3985 licere,
912 3908 1055 3992 quoniam
1073 3930 1196 3984 causac,

109 4016 150 4080 ad
175 4040 248 4101 quas
273 4020 476 4105 pertinuerint
499 4023 609 4106 partim
632 4043 688 4084 nos
705 4020 837 4098 lateant,
855 4019 1028 4083 desinamus
1045 4026 1125 4083 certe
1141 4020 1196 4082 has

108 4136 257 4214 tanquam
276 4133 396 4196 Atticae
420 4133 612 4217 eloquentiae
628 4133 793 4223 specimina
809 4131 960 4196 admirari.
985 4131 1137 4217 Equidem
1151 4132 1221 4220 infl·

107 4241 220 4304 iuriam
243 4242 318 4305 mihi
342 4242 439 4307 facere
463 4244 580 4308 viderer
603 4246 719 4308 meritis
744 4245 890 4322 oratoria,
915 4245 941 4307 si
964 4243 1018 4307 bas
1043 4243 1194 4310 orationes

107 4352 238 4438 egregiis
262 4356 467 4420 monumentis
491 4358 557 4421 eius
580 4358 695 4442 ingenii
719 4357 955 4445 aequiparatam.
