2850 5024
666 390 727 453 173

411 608 486 652 XXV.
517 617 617 655 rumor
632 615 819 654 κκτλιινεκωε
833 617 983 656 ληολοειιι.

193 797 210 878 p
235 798 281 877 1.,
310 794 382 859 Non
405 797 577 862 mirandum
601 807 661 874 est,
686 821 740 861 vos
764 799 958 862 accusatione
982 798 1103 873 audita,
1121 818 1244 859 succen-

86 898 89 904 ’
150 926 214 967 sere
237 905 379 969 omnibus
404 928 516 990 aeque,
541 909 595 990 qui
618 909 651 970 in
674 908 750 972 urbe
772 909 992 984 remanserint,
1020 912 1075 970 τῶν
1098 906 1128 968 δὲ
1150 929 1241 980 κοιτη-

148 1015 238 1092 γίρων
268 1013 422 1095 θοινμοίζω,
455 1013 480 1079 οί
510 1016 580 1100 (leg.
613 1017 655 1082 ὅτι
687 1018 724 1083 ef.
758 1018 796 1081 ad
827 1021 855 1082 7.
873 1020 926 1100 787
958 1025 989 1081 et
1016 1019 1066 1081 18.
1095 1019 1147 1100 16)
1169 1017 1243 1091 οίμε-

149 1129 266 1194 λοῦντες
289 1130 345 1187 τῶν
367 1126 472 1189 οίκείων
496 1132 551 1190 τῶν
574 1128 732 1208 ἀλλοτρίων
755 1130 973 1203 ἐπιμελοῦνται·
997 1123 1023 1190 οἳ
1046 1133 1150 1208 σοφῶς
1174 1124 1241 1191 είδί-

148 1256 196 1302 τες
228 1233 294 1304 τοὺς
325 1233 378 1309 μὲν
401 1234 457 1316 (ita
478 1234 589 1318 Palae.)
613 1236 801 1310 οίδικοῦντκς,
825 1236 874 1299 κκί
899 1237 964 1306 τοὺς
989 1238 1089 1300 ιιολλίι
1114 1235 1241 1316 ἐξημκρ-

148 1341 274 1415 τηκότκς
304 1341 418 1421 ζητοῦσι
449 1345 601 1422 κερδαίνειν
632 1345 648 1418 ἢ
673 1345 751 1421 ὑμᾶς
782 1345 886 1408 πείθειν
911 1344 973 1422 περὶ
997 1345 1136 1411 οὶοιοίντων
1160 1349 1239 1421 ἡμῶν

148 1452 200 1523 νην
229 1451 347 1526 γνώμην
369 1452 479 1524 ταύτην
502 1452 591 1532 ἔχειν·
627 1453 763 1530 „Mirum
789 1461 851 1529 est,
876 1455 995 1537 inquit,
1021 1475 1072 1516 eos
1095 1457 1157 1518 eibi
1177 1477 1239 1518 non
1337 1503 1341 1509 -

149 1583 275 1637 „cavere
307 1560 361 1623 sed
388 1561 464 1624 elios
487 1563 631 1627 insectari
655 1566 844 1646 (οίμελοῦντες
868 1571 923 1627 τῶν
946 1564 1052 1628 οίκείων
1075 1571 1129 1627 τῶν
1153 1566 1241 1628 οίλλο

54 1746 57 1751 ,
148 1669 251 1747 ,μηνίων
274 1672 525 1754 εὀιιμελοῦντοιι).”
564 1671 623 1735 Sed
648 1672 685 1735 de
709 1673 845 1757 ipsorum
869 1673 960 1756 eulpa
983 1673 1062 1736 nihil
1084 1674 1115 1735 in
1140 1674 1240 1757 proxi·

148 1779 206 1841 mis
229 1799 312 1842 nunc
335 1786 389 1842 est.
418 1779 616 1864 Legendum:
632 1782 699 1852 τοὺς
715 1783 781 1857 μὲν
794 1773 913 1846 ἀὐτῶν
929 1781 1037 1858 μηδὲν
1052 1782 1236 1864 οίδικοῦντοις,

149 1889 298 1959 ἑωυτοὺς
327 1889 360 1951 δὲ
395 1888 481 1953 πόλλ’
517 1888 766 1969 ε’ξημιιρτηκίτοις.
812 1890 860 1953 Ex
891 1891 946 1966 μέν
979 1890 1084 1953 oculus
1123 1891 1239 1955 librarii

150 1997 298 2060 aberravit
328 1998 367 2059 ad
389 1998 477 2073 μηδέν
506 2006 630 2082 propter
648 1997 885 2061 similitudinem
908 1998 1080 2062 litterarum
1103 2009 1177 2077 EN3
1202 2021 1237 2063 ex

148 2114 344 2173 EATTOTO
367 2106 480 2169 factum
505 2115 551 2169 est
573 2115 766 2174 KAITOTO.
812 2107 850 2170 In
875 2107 1020 2191 proximis
1043 2129 1098 2192 pro
1123 2109 1139 2182 ἢ
1160 2111 1237 2185 ὑμᾶς

149 2218 253 2281 πείθειν
275 2216 343 2299 lego
368 2217 446 2292 ὑμεῖς
470 2217 631 2292 κείίοντες;
661 2239 731 2279 nam
755 2215 833 2279 illud
858 2218 874 2293 ἦ
898 2239 934 2280 ex
958 2217 1167 2301 dittographia
1190 2241 1238 2281 ex·

907 2352 924 2400 ²1

150 2438 231 2500 stitit
254 2457 350 2519 quum
373 2461 389 2508 η
413 2435 452 2499 ad
477 2437 555 2510 ὑμᾶς
579 2443 657 2499 esset
680 2435 885 2519 adscriptum:
911 2437 999 2511 ὑμᾶς.
1034 2435 1094 2498 Ille
1116 2457 1238 2519 eorrup-

150 2544 212 2607 tele
235 2544 315 2606 faeta
338 2543 480 2614 πείθοντες
504 2544 537 2606 in
559 2543 663 2609 ιιείίειν
687 2552 855 2609 correctum
880 2551 935 2608 est.

92 2653 93 2656 ’
193 2656 210 2736 p
234 2655 263 2715 2.
310 2655 333 2716 εί
357 2652 411 2729 μὲν
434 2650 479 2716 οὖν
501 2652 623 2735 οίοντοιι,
646 2651 668 2718 ἃ
693 2653 748 2716 ὑπὸ
771 2659 826 2716 τῶν
849 2653 1005 2734 τριοίκοντκ
1027 2655 1237 2733 γεγένητοιιτῇ

149 2765 249 2834 πόλει,
281 2763 351 2838 ὁμοῦ
382 2760 626 2844 κοοτηγορηκένοοι,
659 2761 816 2836 οίδννοίτοως
846 2764 952 2833 αὐτοὺς
976 2766 1105 2840 ἧγνῢμοω
1128 2763 1236 2838 λέγειν.

150 2871 237 2935 Libri
262 2872 351 2946 ἐμοῡ;
372 2869 424 2932 sed
449 2869 487 2933 de
510 2892 541 2933 se
564 2870 702 2953 loquitur
725 2871 757 2933 in
781 2869 979 2954 sequentibus
1003 2871 1144 2936 demum:
1169 2875 1193 2938 εί
1214 2874 1239 2936 δ’

149 2983 185 3051 ιδς
214 2980 278 3054 ε’μοί
306 3003 334 3042 τι
357 2988 494 3058 προσηκον
518 2979 581 3058 περί
605 2983 700 3044 αὐτῶν
722 2985 867 3045 ποιοῦνται
891 2981 957 3053 τοὺς
980 2982 1095 3058 λόγους.
1138 2982 1240 3062 Igitur

149 3099 230 3154 reete
253 3092 323 3167 ὁμοῦ
348 3089 552 3153 substitutum
576 3098 622 3154 est
629 3116 638 3167 3
664 3091 717 3153 sed
740 3111 795 3174 pro
815 3090 1043 3169 κκτηγορηκένκι
1059 3098 1126 3155 tum
1142 3094 1240 3177 requi·

148 3200 228 3262 ritur
242 3177 331 3262 νείκε’
343 3198 490 3277 είρηκὲνοοι.
520 3197 696 3282 Kayserus,
713 3198 826 3262 Philol.
843 3197 901 3261 XI.
917 3200 995 3274 158,
1008 3198 1093 3263 πάνθ’
1103 3196 1240 3276 δί-ίμοῦ

150 3333 259 3385 κοιτηγ.
291 3347 334 3355 -
364 3310 381 3391 δ
414 3312 435 3370 4
466 3309 543 3372 facio
567 3331 636 3372 eum
661 3308 757 3372 amico
781 3330 809 3370 v.
835 3308 865 3370 d.
890 3306 932 3369 Es
955 3307 1075 3391 legente
1098 3310 1147 3373 εὀὶν
1170 3312 1241 3374 azm-

149 3419 230 3498 φνίνω
253 3419 408 3496 σνμφορῖις
431 3419 485 3494 μὲν
507 3417 654 3493 μηδεμιᾶς
678 3415 768 3487 κίτιος
792 3415 987 3494 γεγενημένος
1010 3417 1030 3480 i.
1055 3440 1081 3481 e.
1099 3422 1240 3500 οὶκοφηνω

150 3525 277 3601 ε’μοιυτὸν
301 3525 512 3602 γεγενημένον,
537 3533 573 3587 uu
595 3525 734 3609 loquitur
758 3523 837 3587 Xen.
863 3524 922 3607 Ag.
950 3527 980 3587 2.
1001 3527 1036 3588 7:
1061 3525 1242 3604 Ἀγηοίλοοον

150 3634 186 3697 ίιν
216 3658 263 3709 μοι
293 3634 361 3698 δοκῶ
385 3632 499 3716 ίιφρονκ
522 3633 693 3714 οίκοφκίνειν
717 3633 766 3697 κκί
790 3633 950 3710 ἕμκωτίν
973 3641 1009 3696 ut
1032 3634 1112 3712 δείξω
1136 3633 1241 3710 οἷόςθ

150 3745 185 3808 ι’ίν
208 3752 238 3808 et
261 3745 358 3808 simm.
382 3743 552 3807 Muellerus
575 3744 608 3807 in
631 3741 744 3805 Philol.
769 3741 845 3804 XII.
874 3744 936 3804 106
961 3742 1011 3806 ε’ίιν
1035 3746 1120 3820 κοίγὼ
1145 3754 1240 3828 Φκνῶ.

194 3857 211 3938 p
235 3857 263 3917 5.
310 3855 405 3930 Μίγκ
428 3855 481 3924 μὲν
503 3850 549 3918 οὖν
572 3857 704 3930 ἡγοῦμοιι
726 3853 878 3931 τεκμήριον
899 3847 986 3928 εἶναι,
1007 3851 1068 3928 ὅτι,
1088 3853 1167 3933 οίιιερ
1183 3857 1243 3921 ἐδύ-

151 3986 234 4026 νοιντο
258 3964 282 4024 οἱ
305 3963 458 4040 κκτηγοροι
482 3961 539 4043 ίδίκ
560 3985 600 4039 με
626 3962 780 4025 οίδικοῦντοι
803 3958 975 4036 ἐξελέγξαι,
999 3964 1049 4026 οὐκ
1071 3962 1108 4025 ίον
1125 3965 1166 4027 τίς
1185 3971 1241 4030 τῶν

150 4072 304 4148 τριοίκοντκ
328 4069 536 4150 οὶμοιρτημκτοι
559 4073 629 4148 ε’μοῖι
652 4070 842 4149 κατηγόρουν.
878 4068 917 4132 In
940 4069 989 4133 his
1013 4071 1072 4135 tria
1094 4082 1167 4138 sunt
1189 4098 1241 4139 no-

153 4178 262 4255 tanda;
287 4180 434 4263 primum,
460 4179 541 4264 quod
561 4182 645 4257 μέγα
667 4182 721 4257 μὲν
746 4175 792 4243 οὖν
810 4180 959 4258 τεκμήριον
975 4181 1018 4243 sie
1036 4182 1134 4265 posita
1149 4191 1238 4261 sunt,

153 4297 188 4351 ut
218 4290 249 4352 in
282 4289 419 4375 proxime
452 4287 704 4373 praecedentibus
736 4308 799 4350 non
829 4287 883 4349 fiat
905 4288 1020 4352 mentio
1048 4291 1130 4368 eius,
1156 4293 1238 4375 quod

1316 956 1366 1079 7ί
