2850 5024
688 332 751 393 174

172 521 362 605 probandum
387 524 427 586 sit
449 524 596 606 (requiras
620 532 773 608 praeterea
798 528 929 602 ἡγοῦμαι
953 530 1033 600 ἐμοὶ
1058 533 1175 615 τεκμ.);
1201 539 1269 596 tum

171 633 255 717 quod
276 654 329 717 per
352 630 393 696 ίτι
414 635 586 697 annectitur
608 657 671 697 non
696 634 778 699 illud
802 637 886 718 quod
907 660 961 720 per
976 637 1200 704 documentum
1216 643 1271 705 ali·

171 742 253 824 quod
265 741 490 804 demonstratur
505 743 558 805 sed
574 742 793 807 documentum
808 745 910 828 ipsum
915 772 925 822 ς
943 746 1075 831 deniqne
1089 749 1175 833 quod
1188 751 1268 831 είπερ

169 859 276 918 contra
298 850 454 934 vulgarem
480 874 570 915 usum
592 874 648 936 pro
672 851 699 917 εί
719 852 855 936 ponitur.
893 855 1001 918 Altero
1016 856 1085 919 loco
1101 858 1186 942 quod
1203 859 1269 924 dixi

169 960 370 1025 illustrabunt
400 961 474 1025 haec
506 961 655 1046 exempla.
687 961 785 1026 Thac.
818 962 880 1026 ΠΙ.
907 966 966 1027 66:
998 969 1150 1046 τεκμήριον
1173 971 1211 1039 ὡς
1234 971 1267 1033 οὐ

169 1069 315 1146 πολεμίως
339 1068 529 1148 ε’πράσσομεν·
553 1070 620 1133 οθτε
642 1071 701 1149 νάρ
725 1109 780 1136 -.
803 1071 882 1134 Plat.
907 1072 989 1136 Crat.
1012 1075 1087 1137 436.
1110 1075 1153 1138 0:
1179 1078 1266 1154 μέγι-

169 1201 236 1242 στον
267 1178 296 1241 δέ
326 1201 368 1242 σοι
400 1178 474 1242 ἔστα
502 1181 670 1259 τεκμήριον,
695 1177 737 1244 θτι
761 1181 811 1243 οὐκ
835 1180 988 1261 ἔσφαλται
1011 1191 1064 1255 τῆς
1087 1184 1227 1258 ἀληθείαις
1252 1189 1266 1253 ί

168 1288 320 1359 τιθέμενος·
352 1291 383 1353 οὐ
415 1289 474 1367 χάρ
497 1326 550 1354 -.
583 1288 650 1352 Oris
683 1292 734 1352 52.
767 1289 811 1352 B:
843 1291 969 1366 μεχάλα
993 1295 1061 1368 ἡμῖν
1083 1294 1193 1358 τούτων
1215 1320 1265 1359 τε·

168 1397 275 1476 κμθριά
306 1400 401 1480 ἐστιν,
428 1395 471 1463 ίτι
494 1422 536 1463 σοι
561 1399 609 1463 καί
634 1401 717 1476 ἡμεῖς
741 1400 895 1479 ἠρέσκομεν
917 1402 966 1465 καί
991 1403 1123 1476 ἡπόλις·
1146 1408 1179 1469 οὐ
1202 1406 1265 1484 χάρ

167 1504 203 1570 ἀν
226 1545 280 1570 -.
312 1507 390 1572 Xan.
423 1510 482 1572 Aa.
511 1508 537 1573 I.
563 1510 593 1572 9.
619 1511 677 1571 30:
706 1509 792 1587 μέγα
815 1509 844 1573 δὲ
867 1512 1017 1589 τεκμήριον
1039 1512 1088 1575 καί
1113 1513 1146 1576 τὸ
1169 1515 1199 1576 ἐν
1225 1524 1264 1596 τῇ

167 1626 292 1697 τελευτῇ
317 1622 365 1680 τοῦ
388 1617 453 1693 βίον
477 1618 556 1696 αὐτῷ
579 1617 748 1693 γενόμενον,
772 1617 815 1682 ἀτί
838 1619 887 1682 καί
913 1619 1001 1691 αὐτὸς
1023 1616 1055 1691 ἦν
1073 1622 1196 1697 ἀγαθός.
1221 1621 1265 1686 Et

166 1726 209 1787 sic
240 1725 414 1808 saepissime
424 1751 433 1802 ς
466 1733 503 1788 ut
534 1724 615 1789 illud
645 1727 728 1810 quod
761 1727 1030 1792 demonstrandum
1064 1731 1104 1793 sit
1133 1753 1190 1814 per
1220 1730 1264 1797 ὅτι

166 1835 347 1898 enuncietur
374 1841 517 1898 constans
540 1857 635 1919 paene
658 1858 766 1900 norma
789 1844 853 1913 est,
879 1860 896 1900 a
919 1859 981 1921 qua
1003 1861 1070 1902 raro
1094 1839 1264 1904 admodum

163 1942 317 2006 receditur
324 1970 333 2021 3
361 1951 466 2008 contra
493 1945 647 2028 ingentem
677 1968 752 2010 num
760 1968 847 2010 erum
869 1947 1024 2024 locorum,
1049 1948 1103 2012 nbi
1126 1949 1186 2012 hoc
1210 1949 1263 2013 ob·

165 2061 319 2130 servatur,
344 2055 417 2118 haec
440 2062 561 2118 tantum
582 2056 784 2120 animadverti
799 2058 967 2120 contraria:
984 2056 1063 2121 Xen.
1081 2056 1162 2121 Hell.
1181 2057 1256 2120 VH.

169 2164 199 2225 l.
224 2165 283 2225 23:
308 2163 358 2227 καί
380 2165 605 2241 ἀλκιματάτους
628 2165 652 2229 θ’
676 2167 784 2237 αὐτοὺς
807 2168 884 2247 (τοὺς
902 2165 1058 2251 Ἀρκάὃας)
1074 2170 1260 2250 ἀπεδείκνυε,

166 2274 308 2350 τεκμήρια
328 2275 527 2354 παρεχόμενος
550 2278 586 2346 ἀς
610 2276 761 2354 ἐπικούρων
785 2275 872 2339 ίπθτε
895 2275 1014 2349 δεηθεῖέν
1033 2301 1122 2350 τινες,
1142 2276 1261 2348 οὐδένας

167 2380 274 2464 aipein?
305 2383 371 2448 ἀντ’
394 2384 548 2463 Ἀρκάδαν.
591 2384 671 2447 Plat.
704 2383 788 2447 Orat.
813 2385 888 2447 898.
913 2385 959 2447 A:
983 2384 1133 2464 τεκμήριον
1155 2384 1186 2448 δέ
1209 2386 1263 2462 μοί

164 2495 227 2557 ε’στν
250 2495 309 2575 (τὸν
332 2493 457 2557 Ἡσίοδον
480 2494 577 2570 λέγειν
599 2494 633 2558 τὸ
656 2498 781 2574 χρυσοῦν
804 2494 885 2570 γένος
909 2496 959 2558 οὐκ
981 2496 1013 2557 ἐκ
1031 2499 1141 2572 χρυσοῦ
1161 2502 1261 2575 πεφν-

165 2602 224 2686 κθς)
247 2601 291 2667 ίτν
313 2603 362 2666 καί
388 2607 467 2680 ἡμάς
490 2611 564 2685 φησι
587 2604 713 2683 σιδαροῦν
737 2599 808 2668 εἶναι
833 2603 925 2680 γένος.
949 2642 994 2652 -
1016 2603 1157 2687 Denique
1176 2601 1259 2682 είπερ

165 2711 223 2774 hoc
254 2711 322 2776 loco
353 2713 477 2796 ponitur
507 2734 562 2796 pro
592 2715 637 2789 εί,
663 2712 746 2795 quod
769 2712 991 2795 significatione
1015 2712 1167 2775 diversum
1192 2720 1257 2789 est;
1290 2733 1292 2735 ’

164 2822 250 2905 prius
282 2823 363 2886 enim
394 2829 500 2907 aptum
532 2831 578 2887 est
608 2823 663 2886 nbi
687 2822 826 2886 condicio
850 2845 912 2886 non
937 2822 1027 2905 plane
1049 2822 1165 2885 incerta
1188 2829 1256 2898 est,

164 2931 218 2994 sed
248 2932 400 2996 dubitatio
432 2933 491 2994 iam
523 2932 717 3014 aliquatenus
748 2931 883 3014 praecisa
912 2931 996 3012 quod
1024 2953 1088 2993 rem
1111 2936 1165 2991 aut
1188 2951 1256 2992 esse

164 3048 217 3103 ant
247 3063 310 3104 non
341 3063 405 3104 esse
437 3040 665 3104 subindicatur:
690 3043 842 3116 simodo,
868 3044 899 3102 ci
920 3042 1050 3121 quidem,
1075 3045 1105 3102 ci
1124 3042 1171 3103 vel
1190 3061 1255 3102 ανσ-

163 3155 261 3228 aime,
283 3155 384 3232 κθνίρασ
406 3154 444 3212 εί.
479 3148 619 3212 Fortasse
642 3155 715 3232 post
737 3145 782 3226 ὅτι
804 3146 921 3231 aliquid
944 3147 1058 3210 excidit
1077 3154 1108 3210 et
1126 3169 1143 3209 a
1158 3146 1256 3230 Lysia

164 3260 311 3344 scriptum
345 3259 421 3321 fuit:
457 3257 541 3335 μέγα
575 3259 628 3334 μὲν
663 3255 709 3320 οὖν
744 3258 893 3335 τεκμήριον
924 3255 966 3320 ὅτι
992 3259 1054 3320 οὐκ
1080 3256 1202 3319 ἀδικῶ·
1227 3259 1253 3320 εί

163 3366 250 3446 χάρ,
274 3391 300 3430 ιι.
326 3392 354 3432 τ.
378 3368 401 3430 ἓ.

207 3478 224 3559 ᾧ
248 3479 276 3540 7.
323 3475 502 3555 Πειράσομαν
533 3475 611 3550 ὑμάς
641 3472 771 3556 attacus,
803 3470 849 3544 οὓς
881 3478 1010 3550 ἡγοῦμαι
1041 3479 1096 3536 τῶν
1126 3480 1251 3538 πολιτῶν

163 3586 307 3664 προςήκειν
337 3584 515 3664 ὀλιγαρχίας
546 3584 692 3659 ἐπιθυμεῖν
723 3581 773 3647 καί
806 3583 1010 3663 δημοκρατίας.
1057 3581 1172 3645 Mirum
1203 3591 1252 3646 est

161 3693 313 3757 neminem
345 3700 464 3776 praeter
494 3691 733 3756 Heruerdenum
764 3690 930 3755 offendisse
957 3692 990 3754 in
1014 3712 1066 3767 eo,
1092 3690 1174 3774 quod
1198 3692 1249 3755 vix

161 3802 286 3886 impune
309 3803 395 3885 pueri
415 3802 552 3865 nesciant
570 3823 589 3863 a
603 3800 723 3884 vulgari
737 3821 798 3863 usu
816 3801 972 3877 recedere,
989 3799 1115 3863 relativo
1131 3797 1177 3871 οὕς
1193 3823 1249 3885 pro

161 3909 379 3993 interrogativo
409 3912 519 3994 posito.
559 3909 747 3974 Huiusmodi
778 3900 916 3994 exempla
945 3930 1008 3972 non
1029 3916 1102 3972 sunt
1124 3909 1168 3973 ita
1190 3909 1248 3973 fre-

162 4021 303 4103 quentia,
328 4029 364 4084 nt
385 4043 448 4085 rem
472 4021 564 4084 tacito
585 4026 747 4105 praeterire
763 4019 864 4083 liceat.
888 4016 1189 4082 xen.Hell.111.a.
1208 4022 1243 4082 9:

161 4131 174 4192 ὃ
206 4130 383 4209 Δερκυλίδας
406 4132 455 4193 οὐκ
477 4124 556 4192 εἶπεν
579 4125 611 4204 ἣν
633 4129 696 4209 ἔχοι
720 4130 847 4206 γνώμην.
889 4127 986 4191 Thac.
1011 4125 1103 4191 VIII.
1128 4130 1179 4191 50.
1206 4134 1243 4192 5:

160 4240 283 4318 νράψας
306 4240 370 4303 καθ’
392 4237 506 4303 ἕκαστα
528 4240 699 4318 ἀτειχίστου
722 4239 806 4314 οὔσης
822 4239 944 4319 Σάμου,
964 4233 1037 4319 ᾦθιν
1055 4238 1150 4317 τρόπῳ
1164 4239 1244 4303 αὐτοὶ
