2850 5024
682 412 743 474 lca

167 614 263 682 αὐτοῖς
294 608 444 689 ἐπιτιμίοις
473 608 541 692 ᾤετο
572 611 627 674 δεῖν
658 610 808 690 ἐνέχεσθαι
839 607 887 675 τὸν
913 611 1111 692 οὶστρνίτευτον
1133 611 1183 677 καί
1206 611 1260 677 τδν

165 721 325 787 λελοιπότα
352 725 404 798 τὴν
431 721 514 798 τοίξιν
536 720 585 786 καί
608 722 656 786 τὸν
679 721 769 786 δειλδν
792 722 903 806 δμοίως)
927 722 987 785 tria
1010 721 1175 807 distinguit
1198 723 1258 786 cri·

165 832 265 909 mina3
290 854 367 916 quae
390 833 484 918 paulo
507 840 578 918 post
600 832 660 896 alio
683 840 819 896 recenset
843 833 966 896 ordine:
990 833 1039 898 τὸν
1057 833 1258 913 οίστροίτευτον

165 944 215 1008 καί
246 944 294 1008 τὸν
324 944 414 1008 δειλὸν
437 943 486 1009 καί
508 944 557 1010 τὸν
579 944 704 1010 λιπόντα
726 944 778 1018 τὴν
800 943 894 1020 τοίξιν.
937 945 979 1009 Et
1001 946 1120 1010 Andoc.
1143 949 1171 1009 1.
1193 947 1254 1012 73:

165 1056 261 1121 σ’πίσοι
287 1055 397 1120 λίποιεν
422 1057 476 1131 τὴν
498 1053 595 1132 τοίξιν,
620 1056 636 1130 ἢ
660 1057 838 1133 ἀστρατείας
862 1056 879 1132 ἢ
900 1056 1008 1129 δειλίας
1025 1059 1041 1133 ἢ
1057 1057 1254 1138 ἀναυμαχίου

163 1164 291 1249 ὄφλοιεν,
317 1165 333 1241 ἢ
356 1168 408 1235 τδν
430 1165 543 1231 οὶσπιδα
562 1163 750 1243 οξτοβιίλοιεν.
782 1164 842 1229 Sed
864 1166 897 1230 in
920 1166 968 1230 his
991 1168 1145 1233 rhetorica
1161 1180 1257 1254 quae·

78 1260 86 1271 ’
164 1276 232 1341 dam
267 1276 389 1347 δείνωσις
424 1283 486 1353 est;
523 1275 624 1339 omnia
659 1276 740 1340 enim
775 1275 813 1339 ad
847 1275 910 1340 duo
944 1277 998 1341 illa
1032 1279 1135 1364 capita
1167 1301 1256 1345 revo-

163 1388 260 1453 canda
290 1395 379 1466 suut,
412 1409 542 1473 quorum
570 1387 654 1472 prius
678 1387 865 1470 (δστρατεία)
889 1388 1102 1473 complectitur
1125 1392 1256 1476 eosqui

163 1500 287 1566 nomina
320 1522 384 1563 non
418 1498 510 1573 dant;
546 1497 677 1560 alterum
707 1497 822 1582 (δειλία)
854 1520 904 1562 eos
928 1500 982 1582 qui
1004 1500 1146 1565 militiam
1169 1500 1257 1568 dese-

163 1618 251 1688 runt3
283 1607 454 1684 λιποταξίου
484 1630 594 1671 nomen
619 1607 758 1692 generale
782 1620 828 1672 est
852 1615 883 1672 et
905 1631 1066 1675 commune
1089 1612 1256 1696 utriusque

163 1721 308 1787 criminis.
346 1719 456 1804 Itaque
477 1740 547 1781 cum
563 1717 725 1800 οὶστρατείρ
740 1719 935 1804 componitur
950 1743 968 1783 a
983 1719 1127 1806 Lycurgo
1143 1720 1254 1788 Leocr.

161 1835 274 1920 §1472
297 1829 465 1907 λιποταξίου
488 1829 517 1894 δὲ
539 1828 589 1894 καί
608 1829 785 1910 οίστρατείας
805 1832 836 1894 οὔ
856 1833 1019 1913 παρασχὼν
1040 1834 1073 1899 τὸ
1089 1839 1176 1910 σῶμα
1194 1834 1255 1899 τοί-

162 1945 212 2022 ξαι
236 1951 295 2017 τοῖς
319 1947 503 2024 στρατηγοῖς.
550 1939 592 2004 Et
615 1939 652 2004 de
676 1939 795 2003 deserta
817 1940 928 2004 militia
951 1943 1072 2027 saepius
1097 1951 1143 2007 est
1166 1944 1254 2029 apud

162 2056 251 2120 Dem.
283 2055 315 2118 in
343 2052 481 2116 Midiana
503 2050 599 2116 veluti
621 2053 638 2136 p
663 2053 725 2115 164
750 2050 803 2116 ubi
826 2051 956 2130 Midiae,
982 2054 1036 2137 qui
1059 2055 1130 2118 navi
1154 2055 1252 2120 simul

163 2167 334 2253 praefectus
366 2171 395 2229 et
425 2162 611 2248 hipparchus
643 2168 724 2240 erat,
754 2162 876 2240 obiicit,
901 2164 986 2246 quod
1009 2188 1044 2229 ea
1066 2173 1152 2250 parte
1175 2166 1256 2232 belli

164 2300 283 2363 semper
297 2282 300 2288 '
315 2274 484 2351 militabat,
521 2272 575 2337 ubi
608 2272 709 2336 minus
740 2280 804 2336 erat
834 2273 1014 2358 periculum.
1062 2275 1112 2339 Ad
1142 2277 1257 2342 δειλίαν

164 2389 297 2476 pertinet
318 2393 352 2452 τὸ
374 2387 515 2468 ῥίψασπιν
537 2379 618 2450 εἶναι.
665 2383 714 2447 Sic
738 2384 905 2448 Aeschines
928 2386 961 2448 in
982 2384 1160 2451 Timarchea
1175 2391 1191 2473 b
1209 2391 1253 2452 29

164 2504 216 2576 τὴν
235 2498 412 2580 ἀστρατείαν
436 2517 589 2581 exponens
612 2494 711 2559 verbis
733 2495 774 2559 τοὶ
798 2492 878 2559 ίπλα
899 2498 942 2574 μὴ
965 2498 1090 2563 τίίεσίνι
1110 2499 1179 2579 ὑπὲρ
1198 2509 1257 2575 τῆς

164 2613 293 2695 πόλεαο,
323 2631 379 2694 pro
410 2609 461 2682 chr
491 2606 605 2672 οίσπίδα
631 2605 872 2683 οίποβεβλνκὲναι
896 2612 1043 2690 tanquam
1065 2608 1257 2687 ἰσοδυναμοῦν

165 2721 342 2788 substituit:
366 2720 413 2785 διίι
436 2717 543 2782 δειλίαν
562 2717 605 2795 ab
624 2715 743 2781 δυνατὸν
759 2713 830 2781 εἶναι
848 2718 1008 2795 ἐπαμῦναι.
1043 2718 1257 2801 Ἀναυμαχίου

164 2834 247 2899 idem
269 2832 363 2896 luisse
385 2831 417 2894 in
441 2827 553 2893 militia
575 2826 677 2891 navali
700 2825 784 2910 quod
806 2827 968 2909 αστρατεία
991 2828 1051 2892 fuit
1066 2829 1099 2893 iu
1115 2832 1258 2895 terrestri

166 2951 299 3032 apparet.
345 2941 458 3006 Omnia
487 2938 584 3024 igitur
614 2959 692 3021 quae
723 2938 916 3001 constituunt
938 2939 1104 3017 λιποτοίξιον
1128 2941 1165 3007 ab
1189 2943 1259 3006 Au·

165 3056 272 3123 decide
300 3058 533 3118 commemorata
555 3049 593 3114 ad
618 3049 801 3113 alterutrum
825 3055 917 3134 caput
939 3052 1104 3135 pertinent.
1143 3051 1184 3115 Et
1209 3054 1256 3118 sic

165 3172 289 3234 demum
310 3165 418 3250 Lysias
442 3165 459 3247 t
484 3164 500 3227 7
526 3160 626 3225 dicere
649 3160 752 3245 potuit
775 3158 967 3225 Alcibiadem
991 3162 1092 3226 solum
1115 3163 1258 3229 omnium

165 3276 417 3351 Atheniensium,
450 3294 547 3358 quum
579 3272 756 3350 desperatae
788 3277 818 3334 et
840 3270 949 3342 δειλίας
973 3280 1076 3357 posset
1099 3277 1259 3356 accusari,

165 3397 272 3458 contra
293 3395 383 3455 totam
406 3385 506 3470 legem
529 3403 678 3467 peccasse.
717 3380 816 3446 Nulla
830 3382 927 3467 igitur
943 3406 1034 3448 causa
1051 3392 1097 3449 est
1113 3407 1260 3452 curcum

164 3503 289 3570 librario
320 3498 387 3564 cod.
417 3497 452 3563 Ο.
480 3493 649 3571 λιποταξίου
676 3495 864 3559 mentionem
886 3495 998 3559 iterum
1022 3498 1039 3582 t
1063 3500 1080 3562 7
1106 3496 1260 3563 desidere

165 3638 251 3693 mus,
283 3610 338 3676 ubi
365 3630 463 3693 quum
491 3606 524 3670 in
554 3605 584 3668 X
615 3605 670 3668 sit:
701 3605 880 3685 ἀστρατείας
909 3606 962 3683 μὲν
993 3608 1052 3688 γαρ
1079 3607 1193 3681 δικαίας
1219 3609 1259 3674 ἂν

166 3726 253 3792 αὐτὸν
271 3726 381 3790 οὶλῶναι
400 3720 444 3785 dri
463 3718 476 3784 δ
496 3715 716 3792 καταλέγεις
736 3717 749 3779 ὁ
771 3717 888 3796 πατιίρ
906 3719 955 3780 οὐκ
972 3716 1073 3793 ἐξῆλθε
1089 3718 1152 3795 μεθ’
1165 3721 1257 3800 ὑμῶν,

164 3800 391 3904 Laurentiarius
419 3832 443 3896 (ί
472 3830 557 3894 dedit
578 3830 609 3893 οὐ
632 3827 796 3910 κατελὲμρ,
821 3826 1005 3902 λειποταξίου
1029 3827 1058 3891 δὲ
1081 3824 1142 3913 ὅτι,
1166 3829 1259 3896 uimi-

64 3972 66 3977 ·
163 3975 233 4016 rum
256 3947 339 4034 quod
362 3944 521 4028 inscriptio
545 3938 729 4015 λειποταξίου
753 3939 879 4002 haberet
900 3938 994 4023 idque
1017 3939 1174 4004 commode
1198 3963 1259 4026 pro

165 4060 317 4146 corruptis
345 4055 493 4121 substitui
522 4075 611 4138 posse
638 4050 801 4115 videretm·.
849 4049 909 4114 Sed
937 4050 1057 4135 egregie
1080 4049 1259 4134 Stephanus

165 4171 337 4239 emendarit
352 4168 542 4232 Palatinum:
562 4163 604 4230 ίτι
620 4161 801 4240 καταλεγεὶς
820 4161 953 4236 ὁπλίτης.
988 4160 1070 4226 Nam
1088 4171 1258 4230 ΟΠΑΤΗΡ

164 4293 195 4348 et
218 4292 404 4349 ΟΠΛΙΤΗΣ
426 4280 477 4342 rix
501 4277 580 4341 inter
603 4296 635 4339 se
654 4273 809 4338 differunt,
850 4272 956 4337 Minus
974 4272 1104 4337 feliciter
1123 4275 1259 4339 correxit

164 4395 244 4460 idem
276 4395 365 4458 finem
397 4394 414 4477 b
443 4392 472 4467 7,
505 4388 558 4451 ubi
589 4387 618 4450 X
646 4385 754 4450 habet:
784 4383 892 4457 δειλίας
923 4383 969 4466 δέ,
999 4381 1041 4450 ίτι
1065 4384 1111 4449 δεῖ
1128 4383 1258 4453 ἕκαστον
