2850 5024
682 255 742 315 193

165 459 339 538 γορύσαντος
367 452 594 534 Θρασυβούλου,
623 447 666 514 ύτι
690 447 722 524 ἦν
745 448 885 522 στηλίτης
909 448 1035 523 γεγονὼς
1059 447 1088 509 ἕν
1110 455 1147 526 τῇ
1171 449 1253 524 άκρο-

166 569 265 648 πόλει,
296 563 366 628 άλλ’
398 563 521 641 cauom
552 560 622 643 (leg.
654 557 845 631 ἐκκέκοπται,
878 564 932 618 aut
954 553 1182 636 ἐκκεκύλαπται)
1206 555 1254 618 ἐπί

127 715 129 719 -
166 682 222 740 τῶν
249 674 420 754 τριάκοντα,
448 675 499 736 ούκ
528 671 694 751 ε’νδίχεσύαι
724 667 800 749 ἔφη·
828 670 945 757 μάλλον
969 666 1029 744 γάρ
1052 663 1089 728 άν
1111 663 1258 727 πιστεύειν

167 786 248 864 αὐτῷ
278 784 344 855 τοὺς
374 783 544 862 τριάκοντα,
569 778 818 858 ἐγγεγραμριένης
841 785 894 850 τῆς
917 775 1024 855 ἔχθρας
1047 773 1115 851 πρὸς
1140 773 1189 836 τὸν
1211 772 1259 847 δῆ-

166 917 230 970 μον.
277 892 389 975 Itaque
412 889 530 974 aliquid
553 889 591 952 de
614 888 680 951 viro
703 887 762 949 hoc
786 893 925 962 constat,
950 884 1002 947 scd
1019 881 1259 966 distinguendus

170 1024 243 1065 sane
267 1008 313 1064 est
336 1022 354 1062 a
376 999 584 1062 Leodamante
608 998 799 1060 Acharnensi
822 994 919 1058 nobili
935 1001 1071 1069 oratore,
1089 992 1127 1054 de
1143 1012 1205 1074 quo
1221 989 1258 1053 cs.

172 1109 299 1173 Ruhnk.
323 1109 396 1171 hist.
422 1108 488 1170 crit.
518 1106 572 1170 Or.
596 1129 626 1190 p.
651 1125 747 1182 111111,
772 1104 885 1188 Saupp.
909 1103 967 1187 up.
992 1102 1068 1165 Crit.
1089 1125 1119 1186 p.
1138 1105 1197 1178 20,
1215 1123 1259 1184 sq.

170 1218 244 1282 Non
273 1216 398 1281 meliore
427 1216 508 1280 fama
539 1238 632 1298 quam
662 1214 831 1278 Leodamas
866 1221 931 1276 erat
952 1212 1166 1295 Thrasybulus
1194 1209 1263 1272 Col-

118 1401 121 1407 ·
171 1329 299 1412 lytensis
329 1331 412 1410 (nam
432 1328 523 1406 vhunc
554 1326 737 1410 significari,
761 1347 825 1388 non
848 1324 1025 1388 Stiriensem
1054 1322 1131 1384 vidit
1157 1320 1262 1382 Ruhn-

171 1438 311 1520 kenius);
339 1459 410 1499 nam
434 1435 603 1499 secundum
626 1434 865 1498 Demosthenem
888 1435 919 1497 in
944 1433 1133 1495 Timocratea
1156 1432 1173 1512 b
1198 1431 1262 1490 134

170 1548 217 1611 bis
241 1548 274 1609 in
298 1545 428 1609 vinculis
451 1545 569 1621 fuerat3
594 1552 624 1608 et
646 1546 672 1607 si
695 1544 805 1629 Lysiae
828 1542 1016 1607 credendum
1039 1543 1113 1625 §23
1130 1539 1262 1623 pecunia

172 1660 335 1737 corruptus
364 1653 496 1716 Boeotos
528 1653 566 1716 ab
591 1654 831 1717 Atheniensibus
856 1652 1056 1728 alienaverat,
1080 1672 1172 1713 naves
1195 1670 1263 1732 pro·

173 1763 309 1838 diderat,
341 1761 379 1825 ad
410 1762 519 1824 incitas
551 1761 659 1824 urbem
689 1762 865 1845 redegerat,
898 1761 1066 1844 acaptivis
1097 1759 1264 1822 Athenien·

175 1872 259 1936 sibus
283 1878 319 1934 ut
341 1871 438 1954 ipsius
461 1892 551 1954 opera
576 1869 699 1954 publice
721 1870 961 1947 redimerentur,
979 1871 1139 1953 pecuniam
1154 1873 1262 1951 pactus

177 1980 273 2065 (παρά
302 1985 358 2043 τῶν
387 1980 590 2057 αἰχμαλώτων
621 1972 666 2050 ούς
697 1981 786 2049 αὐτὸς
815 1980 971 2052 άπύλεσε,
1002 1978 1157 2058 τριάκοντα
1186 1981 1264 2053 μνάς

176 2087 429 2170 ἐσυκοφάντησεν,
458 2090 489 2150 ού
515 2088 639 2168 Φάσκιον
662 2089 768 2159 αὐτοὺς
790 2089 946 2161 λύσεσθαι,
971 2089 995 2150 εί
1018 2091 1060 2164 μη
1082 2086 1162 2151 τοῦτ’
1185 2088 1265 2165 αύτῷ

179 2199 261 2278 παρά
300 2202 383 2277 σφῶν
425 2198 520 2259 αὐτῶν
554 2195 756 2279 παράσχοιεν).
803 2196 960 2260 Nimirum
1003 2197 1140 2280 quinque
1178 2195 1265 2258 annis

179 2315 249 2370 ante
279 2305 358 2368 hanc
388 2305 556 2367 orationem
578 2304 716 2368 habitam
739 2307 828 2387 (387)
852 2328 950 2388 quum
973 2305 1114 2369 Athenae
1138 2327 1156 2367 a
1178 2304 1266 2387 Spar-

176 2417 257 2479 tanis
289 2414 367 2477 duce
398 2413 537 2476 Teleutia
566 2437 602 2477 ex
625 2415 745 2498 Aegina
768 2414 875 2478 Piraeo
898 2415 1129 2479 imminentibus
1152 2413 1190 2477 ad
1215 2436 1266 2477 an·

178 2524 296 2608 gustias
324 2522 464 2586 redactae
488 2529 606 2599 essent,
630 2522 840 2607 Thrasybulus
860 2546 931 2587 cum
949 2530 1018 2586 octo
1035 2523 1210 2587 triremibus
1228 2521 1265 2585 ab

178 2632 342 2698 Antalcida
364 2632 462 2695 victus
487 2636 560 2694 erat.
609 2631 688 2696 Xen.
713 2632 796 2696 Hell.
822 2632 861 2696 V.
888 2637 917 2697 1.
943 2636 995 2698 27.
1032 2634 1145 2716 Aqua
1164 2630 1265 2707 clade,

178 2765 242 2805 rem
275 2741 424 2805 invidiose
455 2763 658 2825 exaggerans,
689 2743 801 2826 repetit
833 2742 940 2826 Lysias
971 2742 1152 2819 discrimen,
1184 2740 1267 2824 quod

179 2851 311 2914 Athenis
334 2850 528 2914 imminebat:
559 2853 610 2925 την
641 2853 726 2916 πάλιν
748 2852 811 2931 περί
836 2852 977 2930 σωτηρίας
1001 2852 1191 2929 βουλεύεσθαι
1215 2875 1269 2914 πε·
1317 2860 1320 2865 ’

180 2961 305 3033 ποίηκεν.
350 2959 439 3023 Idem
462 2960 542 3023 illud
566 2960 729 3024 discrimen
752 2983 854 3026 rerum
879 2962 1068 3044 significatur
1091 2960 1221 3044 aLysia
1236 2961 1268 3023 in

182 3070 318 3133 oratione
348 3068 417 3132 aaa²
445 3070 633 3146 Ἀλκιβιάδου
665 3069 734 3155 (14.
767 3071 805 3134 cf.
837 3093 929 3154 supra
959 3094 989 3154 p.
1024 3072 1109 3154 109).
1156 3069 1269 3133 Thebis

183 3179 316 3242 multum
334 3176 465 3239 valuisse
482 3179 662 3241 auctoritate
679 3178 904 3263 Thrasybulum
921 3180 1022 3257 hunc,
1039 3179 1130 3243 refert
1148 3179 1271 3243 Aeschi-

183 3311 236 3352 nes
261 3289 291 3350 3.
318 3288 392 3349 138.
638 3373 640 3377 ¹

227 3396 266 3459 In
313 3396 415 3459 locum
458 3395 621 3479 improbati
663 3395 881 3460 Leodamantis
913 3398 1099 3462 substitutus
1130 3399 1272 3463 Evander

184 3505 353 3591 penultimo
377 3507 450 3569 anni
470 3506 520 3587 die
536 3529 619 3570 nunc
638 3507 671 3570 in
691 3515 799 3570 senatu
819 3506 976 3592 probatur.
1009 3509 1145 3572 Accusat
1159 3507 1272 3571 nobilis

184 3617 295 3698 aliquis
326 3616 541 3692 Atheniensis,
573 3616 661 3679 cuius
688 3617 817 3680 maiores
841 3616 1044 3680 Pisistratidis
1070 3619 1132 3681 iam
1154 3619 1272 3681 restite-

184 3734 253 3789 rant
275 3725 385 3809 (simile
408 3726 485 3808 quid
504 3724 542 3788 de
559 3748 591 3788 se
607 3725 756 3810 gloriatur
773 3725 964 3804 Andocides,
986 3730 1014 3791 1.
1028 3729 1121 3809 106),
1139 3735 1225 3810 pater
1239 3729 1271 3791 in

185 3834 289 3897 Sicilia
312 3857 417 3898 caesus
442 3841 505 3897 crat
528 3835 555 3918 (b
579 3836 639 3910 21,
665 3836 740 3918 sq.),
766 3834 985 3919 contenditque
1008 3835 1116 3899 fraude
1137 3835 1272 3899 Evandri

186 3945 301 4008 lactum
332 3943 414 4026 quod
446 3944 602 4019 δοκιμασία
633 3942 729 4007 dilata
752 3944 792 4006 sit
814 3951 876 4007 tam
901 3943 972 4022 diu,
997 3951 1032 4007 ut
1055 3944 1222 4021 iudicium,
1247 3944 1272 4006 si

187 4076 264 4137 opus
281 4055 336 4133 sit,
360 4055 393 4117 in
417 4061 552 4137 tempore
569 4053 727 4117 convocari
743 4074 806 4116 non
822 4054 953 4138 amplius
969 4055 1076 4138 possit.
1101 4054 1184 4117 Huic
1201 4075 1271 4116 vero

187 4162 362 4226 difficultati
384 4163 427 4225 sic
451 4161 672 4240 occurrendum
696 4184 761 4224 esse
780 4169 886 4245 putat,
907 4169 944 4226 ut
962 4185 1018 4248 pro
1037 4141 1197 4250 Eponymo
1217 4163 1273 4225 Ar·

1116 4277 1154 4334 13
