2850 5024
665 379 706 442 53

186 585 203 667 1
228 583 301 646 loa.
337 582 369 645 Si
394 603 450 666 ego
474 581 531 645 sub
552 581 680 665 triginta
700 580 774 643 viris
793 584 953 643 accusatus
973 598 1085 652 essem,
1106 573 1233 636 interro

141 693 297 778 gavissent
319 715 384 771 me,
409 691 526 777 ecquod
550 691 649 755 scelus
671 692 705 755 in
728 691 877 776 populum
895 688 1131 760 commisissem3
1148 680 1231 767 quod

142 806 168 868 si
191 806 398 890 negavissem,
423 811 547 889 propter
569 804 601 867 id
625 805 727 888 ipsum
750 826 798 866 111
822 801 1084 867 condemnassent.
1121 794 1230 870 oratu

141 916 209 1003 (np.
231 923 286 981 τῶν
298 916 446 996 εἰρημένων
458 915 638 996 τετοίνκοος,
652 914 794 993 „nihilne
807 914 839 976 11
852 912 1002 998 populum
1019 907 1177 993 deliquisti
1183 904 1231 986 ?”)

139 1030 229 1100 δοκεῖς
251 1025 297 1093 οὖν
318 1027 468 1107 χοωρνὶτειν
491 1027 509 1102 ἢ
532 1029 581 1091 οὐκ
604 1026 827 1107 1111111111,
851 1027 887 1095 ὡς
908 1021 994 1103 ἕτεροι
1017 1019 1136 1095 τολλοίς
1168 1017 1230 1095 ,,Ε1

139 1150 283 1218 „tamen,
317 1139 434 1224 inquit,
467 1147 557 1224 putas
589 1147 619 1202 te
650 1138 768 1201 salvum
796 1160 832 1201 ex
856 1136 914 1200 hoc
937 1134 1053 1211 iudicio
1076 1132 1230 1195 abiturum

140 1275 220 1330 „nec
242 1252 342 1336 capite
365 1253 508 1336 punitum
532 1251 570 1314 iri
594 1273 662 1314 cum
685 1250 792 1314 multis
816 1249 925 1313 aliis?'’
970 1248 1050 1310 Tum
1073 1251 1175 1308 orator
1191 1242 1229 1306 ad

138 1362 255 1427 iudices
279 1386 311 1425 se
334 1370 530 1426 convertens:
566 1356 602 1442 οἶρ
625 1361 661 1425 ἂν
684 1360 767 1425 olrol'
790 1357 810 1425 ὦ
833 1359 931 1441 ἄνδρες
955 1358 1054 1423 ἄλλων
1076 1361 1157 1421 τινῶν
1179 1379 1229 1419 τν-

138 1481 207 1555 χεῖν
229 1473 420 1553 μεδ1’ὑροο”ος
445 1472 531 1559 (libri
556 1476 650 1555 ἡμᾶς)
673 1475 696 1537 εἰ
720 1474 849 1555 ἐλήφθην
873 1473 923 1536 ὑπ’
948 1475 1057 1548 aaran
1082 1468 1132 1531 Ita
1147 1489 1230 1531 nunc

141 1610 159 1650 a
183 1585 400 1650 Turicensibus
424 1585 558 1663 editum,
583 1595 705 1669 recepto
728 1585 763 1649 ἄν
780 1585 862 1670 quod
879 1585 911 1647 in
927 1583 1014 1647 libris
1030 1581 1229 1646 desideratur.

139 1698 200 1762 Sed
232 1698 350 1762 etiamsi
376 1697 529 1761 neminem
553 1696 762 1761 damnaverint
785 1697 914 1782 triginta
936 1696 993 1759 viri
1017 1695 1077 1758 nisi
1102 1715 1156 1779 per
1179 1714 1230 1776 po-

140 1809 208 1895 puli
233 1808 393 1893 suffragia,
418 1815 519 1871 tamen
543 1807 635 1871 huius
652 1808 695 1871 rei
711 1808 826 1872 mentio
843 1808 1019 1891 importuna
1035 1805 1229 1890 exprobratio

138 1921 263 1998 fuisset,
287 1919 385 2004 magis
409 1918 635 1982 accommodata
658 1919 696 1981 ad
720 1917 897 1982 alienandos
913 1940 1005 2002 quam
1021 1915 1228 1980 conciliandos

138 2033 278 2098 iudicum
312 2030 439 2094 animos.
494 2029 569 2094 Post
598 2038 702 2110 τυχεῖν
733 2055 772 2107 με
803 2029 950 2093 excidisse
982 2028 1102 2093 videtur
1133 2030 1156 2092 εἰ
1187 2029 1229 2105 ,rai

139 2148 223 2230 (post
249 2151 397 2209 EINME:
425 2145 542 2225 EIMH)
565 2143 744 2226 „putatisne
766 2165 815 2206 me
840 2141 922 2206 aliud
948 2142 1024 2227 quid
1048 2140 1227 2205 auditurum

137 2256 273 2336 „fuisse,
305 2254 365 2318 nisi
394 2253 473 2318 forte
495 2277 549 2318 vos
571 2253 803 2318 restitissetis?”
848 2251 928 2316 Nam
951 2260 1055 2334 τυχεῖν
1078 2275 1141 2317 non
1163 2260 1230 2316 tan-

137 2375 206 2430 1111
238 2367 370 2452 pertinet
393 2365 431 2430 ad
455 2365 740 2430 condemnationem
763 2365 816 2430 sed
841 2365 933 2429 etiam
956 2364 995 2428 ad
1018 2365 1230 2449 interrogatio-

138 2502 194 2543 nes
217 2477 408 2563 propositas,
434 2500 507 2563 quas
532 2479 697 2562 quominus
720 2477 848 2542 totidem
871 2477 970 2542 verbis
998 2478 1109 2540 faceret
1125 2476 1230 2541 Chari-

137 2591 219 2668 cles,
244 2589 309 2652 sine
332 2587 427 2652 dnbio
451 2588 635 2653 verecundia
658 2611 728 2674 erga
756 2588 903 2674 populum
920 2588 1095 2673 prohibitus
1110 2588 1228 2653 fuisset.

304 2829 360 2874 Vll.
389 2837 620 2876 Araonnrrrrxoz.
655 2838 718 2875 ΠΕΡΙ
732 2838 788 2876 ΤΟΤ
802 2836 895 2876 ΣΗΚΟΤ
909 2837 1059 2876 ΑΠΟΛΟΓΙΑ.

184 3044 328 3130 Frigidus
344 3043 509 3109 admodum
525 3044 611 3108 iocus
628 3050 674 3109 est
689 3045 780 3108 initio
796 3043 888 3109 huius
904 3044 1067 3123 orationis;
1089 3067 1164 3130 ego,
1185 3046 1230 3108 in·

137 3157 221 3242 quit,
245 3157 289 3220 ita
304 3149 433 3241 praeter'
443 3157 618 3241 opinionem
633 3164 791 3220 accusatus
808 3178 876 3219 sum
894 3153 962 3221 ὥστ’
980 3155 1009 3220 εἴ
1025 3180 1086 3229 τως
1106 3151 1226 3240 οἷόντε,

137 3269 218 3333 δοκεῖ
229 3291 277 3345 μον
295 3268 351 3332 δεῖν
368 3267 418 3332 nal
436 3268 501 3339 τοὺς
517 3269 559 3346 μὴ
577 3267 738 3346 νεγονότως
757 3268 806 3344 ἤδη
825 3267 941 3332 δεδιέναι
959 3269 1021 3348 περὶ
1038 3274 1094 3333 τῶν
1109 3267 1230 3346 μελλόν-

136 3405 194 3446 των
213 3378 337 3445 aaaron.
366 3379 416 3442 Ita
432 3379 536 3465 inepte
555 3378 630 3443 haec
650 3386 828 3466 exaggerata
848 3387 934 3459 sunt,
955 3387 991 3444 11
1011 3381 1148 3466 suspicer
1166 3403 1229 3445 ora-

136 3499 235 3557 torem
253 3490 291 3554 ad
312 3490 507 3576 proverbium
526 3490 651 3576 aliquod
675 3491 764 3555 nobis
787 3491 928 3576 ignotum
951 3493 1117 3578 respicere,
1140 3493 1228 3556 cuius

136 3603 290 3688 frequenti
314 3624 373 3665 usu
396 3601 560 3687 hyperbole
585 3602 680 3667 lenita
703 3610 734 3667 et
749 3591 851 3667 minus
868 3603 994 3667 insolita
1009 3603 1111 3668 fuerit.
1148 3603 1227 3667 Aliis

137 3736 261 3800 quoque
277 3713 353 3777 locis
373 3714 484 3778 111111
503 3715 640 3778 oratione
660 3715 877 3793 inveniuntur,
898 3737 975 3800 quae
991 3714 1109 3779 homini
1124 3716 1238 3779 hebeti

136 3825 290 3910 nimisque
309 3825 440 3910 simplici
457 3826 547 3890 unice
564 3826 791 3891 accommodata
803 3833 884 3890 sunt.
909 3825 988 3890 Vide
1003 3849 1096 3911 quam
1107 3825 1227 3890 inutilis

137 3936 226 4020 copia
252 3936 413 4000 verborum
437 3936 573 4022 111151
598 3937 699 4019 νομίζω
722 3939 782 4019 γὰρ
804 3944 854 4003 τοῦ
877 3939 931 4015 μὲν
954 3938 1086 4018 προτέρου
1109 3937 1227 4018 χρόνου,

136 4049 196 4116 οὐδ’
217 4051 241 4114 εἰ
264 4049 362 4113 adanu
385 4050 489 4124 ἕνῆσων
512 4050 630 4130 μυρίαι,
655 4052 704 4115 οὐκ
727 4049 762 4115 ta
785 4049 899 4123 δικοοίως
922 4049 1107 4134 (nutricius,
1132 4074 1225 4135 qnae,

138 4161 198 4226 etsi
223 4183 313 4224 nemo
336 4160 484 4246 prudens,
510 4162 535 4225 si
556 4162 710 4240 abessent,
730 4162 932 4239 desideraret,
957 4170 1058 4226 tamen
1082 4163 1228 4228 auditori·

137 4273 211 4352 bus,
236 4274 262 4336 si
286 4296 303 4336 a
326 4273 458 4358 simplici
482 4283 511 4338 et
535 4283 639 4359 aperto
663 4275 786 4340 homine
810 4275 1020 4360 proferantur,
1041 4299 1102 4341 non
1122 4275 1227 4361 displi-

138 4384 269 4480 cebunt3
302 4407 379 4471 quae
411 4394 581 4472 sequuntur
604 4387 630 4450 si
654 4387 774 4452 brevius
799 4393 900 4452 essent
923 4387 1103 4463 enunciata,
1128 4386 1226 4450 multo
