2850 5024
685 385 746 446 100

173 578 279 661 ρθτερσς
304 581 448 659 ε’γίγνετν.
488 581 534 644 Ex
558 582 697 664 κωθωφείς
716 583 805 648 facile
821 585 870 650 eal
886 587 975 668 ἀφείς
993 588 1135 651 exsistere
1151 589 1264 673 potuit.

174 690 262 755 Deru.
298 694 349 756 19.
383 694 413 756 6.
444 690 584 781 (καιρὸν),
612 689 642 757 dv
662 691 699 759 ν’ίν
721 719 766 767 τις
789 696 857 760 ἑκὼν
879 698 1024 781 καθυφῇ
1046 705 1105 769 τοῖς
1128 699 1265 773 ἐννεντίως

173 803 222 866 uel
254 802 355 884 προδῷ.
396 801 514 892 (Dem.)
545 805 597 868 58.
628 807 645 866 6
669 804 841 888 κενθνφιθννω
863 809 905 871 τρὶ
928 816 982 883 τῆς
1005 806 1127 882 σθλεως.
1173 809 1265 889 Alia,

172 913 227 978 ubi
246 916 356 998 κωθνΦ.
378 920 424 978 est
442 917 583 1000 prodere,
600 919 766 1000 negligere,
785 917 883 981 lexica
903 918 992 982 seoile
1008 918 1262 1004 suppeditabunt.

168 1023 226 1089 ’Ἂν
242 1046 330 1109 aegre
347 1024 502 1103 desidero,
520 1025 604 1110 quod
619 1033 703 1106 tum,
720 1049 816 1112 quum
836 1029 917 1091 viros
933 1027 1089 1093 deferebat
1104 1029 1178 1109 iste,
1196 1031 1268 1096 civi·

172 1142 219 1198 tas
231 1157 295 1199 non
310 1141 462 1220 potestate
478 1135 631 1200 crescebat
645 1158 678 1202 re.
694 1159 779 1215 vera,
797 1136 851 1201 sed
867 1160 921 1222 per
933 1160 983 1202 eos
1000 1138 1089 1203 facile
1101 1141 1266 1225 potuisset.

216 1249 309 1331 §aa
354 1247 403 1313 nal
433 1245 521 1321 οὕτως
551 1247 588 1313 aa
615 1247 768 1314 θεννθτωτω
791 1249 908 1314 τθντων
931 1249 1062 1335 τθθσιεν,
1087 1251 1110 1315 εἰ
1133 1247 1174 1324 οἷς
1198 1252 1265 1318 ε’τέ-

173 1383 301 1434 σκηστνν
332 1361 430 1425 ἐκεῖνον
453 1362 489 1433 ὡς
512 1360 609 1442 φίλως
632 1356 691 1424 οὖσι
714 1367 847 1441 τιμωρεῖν
870 1360 939 1440 ὑπὲρ
963 1362 1073 1444 αὐτῶν,
1098 1358 1173 1426 οὗτοι
1197 1362 1265 1440 θρεθ-

170 1477 264 1553 ψηφω
283 1471 351 1536 νοντ’
370 1470 480 1537 ἐκείνων
497 1476 563 1536 τῶν
581 1470 712 1551 σθνθρῶν
730 1478 789 1545 τοῖς
807 1469 964 1552 τρισίηνντνν
979 1472 1159 1549 γενθσρντων.
1184 1472 1265 1539 Lan·

171 1590 268 1667 guent
291 1582 384 1647 verba
405 1589 461 1647 τῶν
480 1582 600 1662 dederim
614 1604 649 1645 ao
661 1583 788 1646 sortasse
799 1589 901 1646 totum
912 1582 991 1647 illud
1003 1587 1072 1649 κατ’
1083 1584 1195 1650 ἐκείνων
1207 1593 1264 1652 τῶν

168 1693 273 1774 θνθρῶν
286 1692 487 1770 eiiciendum,
501 1699 610 1777 utpote
630 1692 729 1757 alieno
746 1693 812 1756 loco
829 1693 951 1758 illatum
967 1717 1003 1758 ex
1020 1696 1160 1780 sequenti
1174 1698 1262 1760 secti·

169 1826 237 1868 one.
263 1805 416 1889 Augerius
435 1804 569 1868 malebat
585 1804 650 1868 κνθ
662 1806 773 1887 atras,
787 1803 870 1889 quod
880 1827 945 1869 non
957 1807 1161 1870 necessarium
1172 1813 1261 1892 puto.

213 1916 230 2000 p
253 1917 305 1981 97.
352 1916 403 1981 ε’θιν
425 1912 473 1980 οὖν
495 1916 536 1980 rol
555 1915 673 1980 ε’νωντίω
692 1922 751 1987 τοῖς
770 1914 924 1997 τρνθκσντν
944 1915 1128 1999 ψηφίζησθε,
1150 1923 1274 1999 πρῶτον·

168 2026 222 2105 μὲν
246 2029 304 2107 οὐχ
326 2028 474 2107 ὁμόψηφοι
498 2027 652 2104 γίγνεσθε,
677 2025 780 2091 ἔπειτα
803 2033 862 2098 τοῖς
883 2027 1027 2108 ὑμετέροις
1046 2031 1142 2092 atreo
1161 2029 1262 2110 Φίλοις

166 2137 395 2220 τετιμωρηκότες
418 2137 529 2220 ἔσεσθε,
554 2137 658 2202 taetra
680 2144 739 2208 τοῖς
762 2139 854 2201 πᾶσιν
876 2136 1027 2218 ἀνθρώποις
1051 2136 1263 2214 δίξετεθίκωεω

167 2249 216 2314 aul
246 2247 311 2314 θσνω
334 2249 532 2330 ψηφίσωσθνω.
579 2246 664 2311 Haeo
687 2249 730 2311 sie
753 2247 825 2310 ferri
848 2270 910 2311 non
933 2270 1039 2331 posse,
1064 2250 1260 2314 consentiens

168 2367 214 2423 est
244 2382 339 2444 paene
371 2360 509 2423 omnium
541 2359 693 2423 editorum
725 2360 885 2422 sententia.
929 2357 1085 2423 Videntur
1108 2359 1199 2439 haec,
1224 2362 1259 2426 in

168 2472 228 2535 fine
259 2472 405 2536 orationis
436 2472 551 2557 posit-a,
584 2471 616 2534 in
648 2470 811 2555 archetypo
840 2471 951 2555 partim
975 2470 1120 2549 evanida,
1146 2471 1259 2538 deinde

167 2583 245 2647 male
269 2591 403 2648 correcta
427 2606 500 2647 esse.
535 2581 617 2646 Nam
640 2586 698 2664 οὐχ
719 2582 868 2664 θμθψηφω
891 2583 1046 2660 γίγνεσθε,
1072 2584 1185 2647 omisso
1208 2585 1260 2649 da·

167 2694 248 2772 tivo,
273 2694 475 2779 significaret:
499 2715 584 2772 „non
608 2693 781 2757 communia
803 2693 889 2756 fertis
913 2692 1076 2777 suffragia”
1101 2694 1148 2758 vel
1171 2718 1258 2774 „non

165 2804 246 2868 inter
277 2827 330 2869 vos
361 2805 572 2869 consentitis.'’
623 2805 770 2868 Praesens
801 2803 937 2882 γίγνεσθε
967 2826 1030 2868 nou
1061 2811 1168 2889 aptum
1200 2812 1257 2872 est.

162 2913 292 2980 ’Έτεντω
315 2915 362 2980 bis
385 2917 521 3001 positum
544 2916 688 3000 languet;
714 2914 798 3000 quod
821 2915 1005 2980 vocabulum
1028 2917 1149 3002 saepius
1173 2916 1260 2982 dein·

167 3048 236 3112 ceps
260 3027 335 3113 poni
358 3027 508 3092 absurdus
533 3028 574 3092 sit
597 3028 651 3112 qui
673 3033 782 3111 neget,
807 3026 859 3090 sed
883 3027 919 3090 fit
941 3025 1020 3089 illud
1043 3026 1076 3090 in
1100 3049 1258 3093 enumera·

165 3137 249 3203 tione
279 3160 380 3203 rerum
412 3145 466 3201 ent
488 3145 712 3202 momentorum
743 3137 932 3202 diversorum
962 3137 1049 3222 quasi
1081 3137 1119 3202 ad
1142 3157 1258 3204 memo·

165 3248 242 3313 riam
264 3249 444 3326 iuvandam,
470 3248 522 3312 sed
546 3248 636 3334 plane
659 3249 794 3313 alienum
817 3254 863 3313 est
886 3247 923 3312 ab
948 3248 1083 3334 epilogo,
1105 3249 1159 3334 qui
1175 3271 1257 3315 com·

164 3361 277 3424 metior
300 3383 365 3425 esse
388 3360 480 3425 debet
486 3386 495 3437 3
519 3360 624 3444 itaque
640 3360 706 3424 loco
723 3359 1015 3424 aRauchensteinio
1031 3358 1156 3423 laudato
1172 3360 1255 3428 Xen.

165 3470 226 3534 ΟΡ.
257 3470 284 3536 Ι.
319 3475 349 3536 3.
385 3475 442 3550 14,
475 3473 525 3536 cui
548 3472 636 3536 sacile
660 3472 712 3535 alii
735 3471 807 3536 addi
830 3478 969 3557 possent,
993 3469 1073 3535 nihil
1095 3469 1254 3555 probatur.

164 3581 248 3646 Haeo
272 3583 477 3647 consideranti
500 3605 563 3647 non
585 3581 786 3668 improbabile
808 3582 886 3645 mibi
908 3582 1030 3645 videtur
1052 3581 1144 3646 verba
1159 3583 1255 3650 ἔσεσθ’

163 3691 268 3759 terrra
299 3718 316 3758 a
343 3695 479 3780 margine
509 3696 542 3758 in
573 3695 706 3758 alienum
735 3694 836 3759 locum
860 3694 947 3758 illata
970 3716 1052 3772 esse,·
1077 3715 1174 3778 quum
1197 3717 1254 3781 pro

163 3805 294 3882 γίγνεσθ’
317 3804 421 3871 ἔτεντω
443 3829 514 3870 vera
536 3806 627 3870 lectio
652 3804 742 3870 ἔσεσθ’
765 3805 870 3870 tustra
893 3806 926 3868 in
945 3805 1081 3889 margine
1098 3804 1254 3891 adscripta

165 3924 260 3996 esset,
285 3917 359 3981 haec
382 3918 550 4002 posteriora
572 3916 663 3981 verba
684 3939 747 3981 non
763 3917 795 3981 in
813 3916 914 3980 locum
933 3916 1070 4001 priorum
1085 3915 1255 3982 substituta

164 4029 306 4106 fuerunt,
331 4027 383 4091 sed
407 4028 486 4091 male
509 4035 579 4113 post
600 4025 827 4108 τετιμωρηκθτες
850 4027 960 4112 posita
1008 4025 1102 4090 Porro
1126 4028 1182 4111 qui
1204 4050 1254 4092 co·

164 4137 240 4202 dicis
255 4138 413 4224 archetypi
428 4138 520 4202 verba
535 4139 584 4201 vix
600 4137 704 4223 potuit
718 4136 836 4222 legere,
853 4144 889 4200 ut
903 4137 969 4221 ipse
982 4135 1020 4199 ad
1033 4137 1164 4215 γίγνεσθ’
1176 4138 1253 4204 ἔτει-

162 4274 203 4314 τω
226 4250 409 4315 adscriberet
427 4249 519 4316 ἔσεσθ’
536 4248 657 4328 ἔτεετνε,
678 4250 705 4313 is
728 4249 790 4312 duo
811 4249 901 4313 verba
923 4248 1043 4327 omisit,
1068 4271 1147 4334 quae
1162 4249 1252 4314 iuxta

161 4360 262 4443 posita
298 4361 388 4446 plene
426 4367 622 4426 evanuerant.
669 4359 753 4426 Haec
791 4360 888 4446 igitur
926 4361 985 4451 fuit
1021 4359 1118 4425 forma
1154 4360 1249 4425 buius
