2850 5024
684 373 726 433 86

160 599 223 649 μεν.
270 581 380 655 Πρξιος,
408 596 524 658 pronus
557 576 597 636 cd
620 578 733 636 neniam
758 575 840 653 (cnm
863 575 1045 650 οοργοώμαο
1069 574 1208 636 iunctum
1235 597 1254 635 a

162 687 229 750 Xen
261 686 322 749 ΟΡ.
354 685 410 749 VI.
445 688 473 747 l.
513 688 573 762 37,
604 683 721 748 iudices
752 692 853 767 πρᾷοι,
876 687 996 770 faciles
1027 691 1058 748 ia
1088 687 1253 749 inducendo

160 799 291 882 saepius)
323 799 456 882 apprime
479 820 550 860 cum
573 796 773 881 sequentibus
796 797 957 873 convenit,
982 805 1013 860 et
1027 790 1123 860 'facile
1147 796 1254 880 potnit

161 918 230 972 ante
253 908 322 988 πρός
345 909 455 972 omitti.
492 908 593 972 Verba
615 911 651 979 ὡς
674 910 757 990 ἀμφ.
781 909 836 982 ἔα,
861 916 896 971 ut
918 909 950 972 in
973 908 1108 971 transitu
1126 907 1253 971 brevius

162 1020 261 1094 dicta,
279 1027 457 1104 praeparant
473 1019 645 1103 sequentia:
664 1018 920 1104 quemadmodum
936 1020 1029 1083 etiam
1044 1018 1153 1096 rebus,
1170 1041 1253 1104 quae

78 1200 82 1209 ¹
162 1138 283 1195 secutae
306 1138 397 1208 sunt,
422 1130 705 1195 demonstravimus.

206 1243 224 1326 q
247 1245 298 1304 54.
345 1241 495 1319 ἡγούμενοι
518 1242 662 1313 δικαίως
685 1241 729 1306 ἂν
752 1243 807 1306 ὑπὸ
830 1249 885 1306 τῶν
908 1245 1004 1306 αὐτῶν
1027 1244 1094 1312 τούς
1116 1266 1151 1305 τε
1170 1238 1254 1321 τριοὶ-

163 1375 251 1416 αοντα
280 1353 423 1428 μισεῖσθαι
453 1354 503 1416 καὶ
529 1353 594 1423 τοὺς
618 1353 645 1416 ἕο
668 1360 798 1430 Πειραιεῖ
818 1355 978 1434 φιλεῖσθαι.
1025 1352 1187 1416 Iustumne
1211 1374 1254 1414 en

165 1463 313 1527 iniustum
344 1477 440 1540 esset,
472 1465 516 1527 sic
547 1486 598 1528 eos
629 1465 743 1542 lacere,
776 1465 853 1529 nihil
886 1465 936 1529 hic
960 1464 1109 1528 attinebat
1131 1463 1254 1539 dicere3

164 1576 216 1640 sed
240 1576 336 1660 magis
359 1576 497 1639 minusve
521 1575 678 1660 probabile
702 1598 775 1639 esse.
813 1575 894 1640 Vide
915 1585 992 1640 nu'm
1005 1576 1128 1663 ,δικαίως
1140 1575 1179 1639 ἄν
1189 1575 1258 1638 sint

165 1685 252 1750 scioli
275 1685 528 1750 additamentum

209 1799 226 1882 q
249 1799 300 1860 63.
347 1797 439 1861 καίτοι
462 1796 563 1877 σφόδρ’
585 1797 621 1861 ἂν
645 1797 732 1862 αὐτὸν
755 1792 834 1874 οἶμαι
857 1799 939 1874 μετὰ
959 1798 1259 1873 &earnemcarne-

165 1908 344 1987 λιτεοόριενοο
359 1909 565 1986 προςποιεῑοδαι
581 1908 735 1988 πράττειν,
751 1905 826 1979 ὅπως
841 1909 1089 1985 οἰκοδομηθήσεται
1099 1911 1141 1974 τοι
1151 1910 1257 1990 τείχη,

166 2022 253 2087 ὁπότε
281 2021 331 2085 καὶ
359 2021 440 2096 μετὰ
470 2020 651 2102 Θηραμένους
682 2019 758 2092 ὅπως
789 2022 1041 2100 καθαιρεθήσεται.
1069 2022 1100 2084 οὐ
1123 2019 1183 2100 γάρ
1206 2046 1259 2094 μοι

167 2135 291 2199 δοκοῦσιν
321 2131 381 2197 leon
408 2130 481 2208 ἄξιοι
495 2132 689 2210 ιγεγενῆσθαι.
732 2131 892 2196 Transitns
915 2132 1021 2195 durus.
1069 2130 1137 2195 Hoe
1160 2131 1258 2196 dicit:

166 2245 244 2324 „illa
266 2245 422 2309 excusatio
444 2244 535 2308 nihili
559 2251 622 2322 est;
646 2244 720 2328 qnid
744 2245 825 2308 enim
847 2244 993 2309 conducit
1017 2244 1056 2308 ud
1079 2243 1168 2308 illum
1189 2266 1261 2329 pro

168 2379 274 2421 vocare
303 2357 355 2440 qni
385 2356 502 2440 patriae
532 2378 635 2420 muros
666 2355 784 2420 diruit?
816 2379 907 2441 quam
929 2356 1062 2421 libenter
1084 2355 1181 2439 igitur
1205 2354 1260 2419 hie

167 2467 237 2531 talis
261 2467 307 2530 vir
328 2465 558 2543 Themistoclis,
583 2466 636 2549 qui
659 2467 795 2529 restitnit
817 2467 955 2544 moenie,
980 2490 1013 2530 se
1035 2467 1151 2530 socium
1162 2468 1262 2551 linge·

168 2578 246 2643 ret.’'
291 2576 413 2642 Scilicet
441 2577 547 2662 quavis
570 2578 687 2641 ratione
711 2578 972 2663 opportunitatem
995 2585 1120 2663 captans
1143 2577 1261 2641 Thera—

169 2691 265 2754 menis
288 2688 459 2753 inseetundi
482 2687 561 2752 hane
584 2689 674 2773 longe
696 2690 857 2774 repetitam
873 2712 941 2753 eum
957 2689 1161 2753 Themistocle
1177 2711 1262 2753 com·

170 2803 359 2888 parationem
397 2801 544 2865 instituit.
598 2800 655 2863 Est
691 2801 724 2865 in
757 2801 805 2865 his
835 2801 934 2866 ironia
964 2801 1129 2887 quaedem,
1163 2824 1261 2887 quam

171 2912 281 2978 deinde
304 2912 448 2998 deponit,
473 2921 509 2977 ut
532 2913 610 2976 serio
633 2912 779 2997 castiget,
805 2911 886 2998 quod
910 2913 1019 2977 melius
1042 2913 1208 2990 sentietur,
1233 2915 1261 2978 si
1331 2965 1334 2973 .

170 3047 224 3108 pro
255 3025 286 3087 οὐ
315 3024 375 3104 γαρ
405 3023 554 3088 scribatur
582 3023 654 3087 ἀλλ’
683 3026 714 3088 οὐ
736 3024 813 3107 γαρ,
838 3024 927 3108 quasi
949 3023 1080 3088 diceret:
1104 3023 1157 3088 sed
1182 3025 1260 3108 quid

172 3159 228 3222 ego
259 3135 477 3201 Theramenem
509 3143 540 3200 et
569 3135 803 3199 Themistoclem
836 3135 1007 3221 compono?
1038 3137 1261 3221 potiusquam

171 3247 367 3312 diversissimi
390 3254 471 3310 sunt.

215 3360 232 3443 d
256 3359 307 3423 87.
353 3358 437 3422 aaut
466 3358 531 3429 τοὺς
562 3358 711 3438 campas
742 3356 820 3433 ἄξιον
849 3357 933 3434 ι’δεῐο,
964 3354 990 3422 οἳ
1011 3358 1120 3430 τούτοις
1144 3382 1261 3437 ροαρτυ-

170 3474 282 3547 ροῦντες
313 3471 406 3534 αὐτῶν
429 3475 641 3550 κατηγοροῦσιν.
688 3469 748 3533 Pro
770 3467 800 3534 ol
817 3469 981 3555 legendum
1002 3467 1063 3548 dri,
1087 3470 1148 3534 nisi
1174 3493 1262 3555 grae-

172 3602 240 3645 cum
279 3588 406 3666 putatur
443 3582 509 3646 ἰδεῖν
525 3605 604 3645 ’τινα
641 3578 671 3652 ὃς
704 3587 864 3665 reputare,
900 3581 1033 3665 cogitare
1067 3579 1181 3665 aliquid
1219 3581 1261 3646 de

172 3692 282 3776 aliquo.
330 3692 472 3776 Denique
502 3695 588 3777 §90
617 3690 694 3764 δῆλοι
724 3691 821 3756 ἔσεσθε
848 3693 885 3762 ὡς
907 3690 1093 3774 ὀργιζόμενοι,
1117 3690 1262 3756 omitten-

173 3804 246 3869 dum
279 3805 398 3870 videtur
427 3807 482 3881 a„
515 3804 606 3869 huius
635 3805 716 3868 enim
746 3803 982 3868 constructionis
1011 3826 1107 3867 unum
1135 3809 1261 3866 tantum

172 3915 253 4000 apud
281 3917 377 3980 bonos
400 3917 561 4002 scriptores
589 3917 707 3980 Atticos
730 3916 889 3980 inventum
912 3922 958 3980 est
981 3914 1152 3999 exemplum
1175 3913 1259 3979 Xen.

173 4029 233 4091 An.
265 4027 290 4091 I.
325 4031 354 4092 5.
386 4033 416 4092 9.
463 4028 567 4091 Merus
592 4027 786 4112 pleonasmus
809 4033 856 4090 est
877 4029 932 4103 ὠςς
957 4025 1052 4090 codex
1075 4032 1176 4089 eutem
1199 4023 1262 4110 Ly-

174 4139 235 4203 siae
259 4139 429 4224 corruptior
453 4160 544 4224 quam
568 4145 604 4202 ut
627 4138 687 4202 tale
712 4136 787 4221 quid
809 4137 967 4201 ferendum
992 4136 1139 4202 videatur.
