2850 5024
680 295 742 356 188

166 508 227 549 non
258 487 515 552 obsecundarunt.
567 490 628 552 Pro
659 488 750 553 οἱκούω
782 488 853 551 libri
885 487 1000 550 habent
1027 489 1190 567 ύκούομεν;
1226 512 1265 553 ex

166 596 319 659 constanti
350 620 408 660 usu
432 598 541 685 Lysiae
565 599 729 683 singularis
752 599 929 681 requiritur.
977 597 1140 662 Scheibius
1164 598 1263 663 οὶκούω

165 705 229 780 μέν.
271 705 320 769 Sic
344 729 413 770 vero
436 709 491 784 μέν
513 731 568 772 suo
591 709 660 773 looo
683 708 852 771 divellitur.

210 816 279 898 db.
322 811 379 880 Ἂν
402 816 432 880 δὲ
454 817 503 880 acl
527 820 575 882 ἐπὶ
599 817 702 882 τοιόνδε
725 816 814 893 λύγον
836 815 1020 896 τράπωνται,
1053 818 1127 887 rico
1156 817 1262 898 χρόνος

164 924 215 988 ούκ
238 925 367 1004 ἐγχωρεῖ
386 923 477 990 ἄλλον
499 930 703 1007 οὶσοκλκρῶσοιι
718 964 780 1000 -,
804 923 871 989 τύδ’
887 926 1073 1000 ἐνθυμήθητε,
1097 925 1140 989 ὅτι
1158 926 1261 990 πύλαι

164 1035 177 1098 ύ
200 1032 299 1112 χρόνος
321 1033 372 1107 ἤδη
395 1037 601 1115 σωρελύλνύεν.
641 1035 733 1115 Quod
749 1035 787 1099 ab
805 1035 977 1098 adversario
995 1034 1156 1111 obiicitur,
1183 1042 1261 1099 tem·

165 1163 224 1225 pus
255 1163 315 1205 non
347 1143 483 1208 sufficere
513 1145 551 1208 ad
582 1145 677 1209 alium
700 1145 876 1210 archontum
905 1166 960 1227 pro
983 1143 1126 1207 Evandro
1152 1166 1259 1207 crean-

165 1250 256 1328 dum,
287 1252 319 1315 id
350 1276 412 1317 non
436 1255 538 1318 statim
562 1255 713 1319 refellitur
736 1255 773 1319 ab
798 1261 917 1318 oratore
945 1254 998 1316 sed
1022 1254 1108 1337 prius
1132 1253 1171 1317 ab
1196 1253 1257 1316 hoo

164 1368 344 1446 argumento
375 1364 457 1447 quod
488 1366 520 1428 ἐκ
549 1370 600 1429 σού
631 1363 772 1430 οὶδννοὲσον
799 1363 977 1449 petebatur,
1002 1363 1113 1427 avertit
1136 1363 1258 1426 animos

165 1469 204 1532 ad
234 1471 309 1534 iram
341 1479 447 1536 contra
477 1473 672 1550 Evandrum
708 1474 842 1536 sectione
874 1472 997 1536 demum
1030 1474 1067 1548 8,
1099 1471 1257 1555 quomodo

165 1580 261 1662 possit
284 1581 355 1644 huic
378 1581 551 1645 difficultati
575 1583 693 1646 occurri
717 1581 809 1659 dicit,
834 1581 951 1659 κότερον
973 1583 1054 1661 εύσ.,
1080 1605 1107 1645 ιι.
1132 1605 1160 1644 τ.
1186 1583 1210 1646 ἓ.

209 1687 314 1772 Pergit
337 1698 455 1754 orator:
488 1695 504 1767 ἡ
527 1692 587 1771 γὰρ
611 1692 704 1771 οούριον
728 1692 821 1772 ἧμέροι
843 1690 916 1767 ρούνκ
939 1691 1026 1763 λοιπὴ
1048 1695 1098 1753 σού
1122 1691 1256 1753 ἐνιοινσοῦ

163 1797 256 1877 ἐστιν,
280 1799 310 1861 ἐν
333 1798 362 1862 δὲ
384 1798 479 1880 rada-p
502 1802 542 1880 τῷ
566 1798 615 1865 Διῒ
637 1802 678 1881 τῷ
700 1809 804 1878 σωτῆρι
828 1801 912 1864 ύνσίω
934 1801 1090 1881 placarer,
1116 1798 1256 1871 δικωσσή-

163 1928 217 1985 ριον
248 1906 276 1969 δὲ
306 1908 387 1986 σωροὶ
418 1910 483 1980 τοὺς
515 1908 615 1984 νόμους
645 1909 786 1974 οὲδύνοισον
815 1911 1006 1987 κλνρωύῆνοιι.
1055 1908 1193 1990 Apparet
1219 1928 1256 1968 ex

165 2014 223 2077 hoc
249 2014 316 2078 loco
340 2015 534 2080 decimariam
558 2016 739 2080 archontum
762 2017 894 2100 priorem
924 2018 956 2079 in
980 2024 1088 2079 senatu
1117 2015 1257 2079 habitam

165 2145 246 2200 esse,
273 2124 398 2189 alteram
423 2127 453 2190 in
476 2126 590 2190 iudicio
616 2126 673 2189 hoc
698 2134 833 2210 tempore
855 2148 917 2189 non
933 2126 1132 2189 necessariam
1148 2125 1255 2188 fuisse.

165 2230 299 2295 Putabat
322 2235 402 2297 enim
425 2235 566 2298 Evander
590 2236 682 2299 etiam
707 2236 772 2298 sine
797 2234 978 2318 probatione
1002 2234 1138 2297 iudicum
1163 2255 1255 2316 posse

165 2362 196 2403 se
221 2341 375 2405 arclrontis
397 2365 509 2407 munus
533 2343 685 2426 suscipere
708 2365 764 2406 nec
787 2342 1009 2406 thesmothctas
1033 2342 1191 2425 probabile
1208 2349 1255 2405 cst

164 2451 249 2515 aliud
273 2453 434 2531 statuisse,
466 2453 519 2535 qui
543 2454 655 2517 scirent
678 2453 824 2516 ultimum
853 2453 925 2516 anni
948 2451 1029 2516 diem
1052 2452 1164 2514 festum
1189 2473 1255 2514 esse

164 2566 194 2623 et
217 2560 344 2642 οὶφετύν,
371 2568 401 2624 et
423 2569 526 2625 tamen
548 2562 720 2646 penultimo
743 2562 867 2625 demum
884 2561 923 2624 ad
939 2560 1151 2645 probationem
1167 2583 1254 2623 sena-

163 2676 230 2733 tum
261 2680 486 2736 convocassent.
533 2671 663 2734 Fallitur
695 2671 891 2734 Hermannus
915 2671 1023 2755 Antiq.
1047 2671 1063 2751 d
1089 2672 1162 2732 148.
1190 2672 1231 2731 la
1242 2717 1252 2746 ‚

163 2777 266 2842 dicens
298 2781 423 2844 alteram
455 2782 636 2845 archontum
667 2781 880 2865 probationem
910 2782 943 2844 in
975 2787 1084 2844 senatu
1117 2778 1255 2841 habitam

163 2886 267 2951 fuisse.
313 2888 362 2952 Ne
393 2890 491 2953 dicam
523 2890 560 2953 de
591 2889 739 2953 vocabulo
769 2890 945 2968 δικωσσήριον
976 2926 1021 2936 -
1048 2887 1131 2973 quod
1155 2886 1255 2970 possit

164 2996 233 3060 coll.
266 3000 318 3061 31.
354 3001 369 3060 l
402 2999 460 3075 ἐγὼ
492 2998 624 3080 (senator
655 2998 693 3061 cf.
725 2999 742 3081 p
774 2995 1253 3080 1)δ’ύμο’σοοςεὶςῆλύονείςσὸ

162 3106 338 3186 δικοισσήριον
366 3108 407 3170 σύ
436 3106 584 3183 βέλτιστοι
612 3107 841 3184 συμβουλεύσειν
871 3117 908 3186 τῇ
940 3106 1022 3170 πόλει
1050 3126 1120 3168 oum
1149 3103 1254 3185 aliqua

162 3214 375 3298 probabilitate
398 3213 435 3277 dc
459 3221 567 3278 senatu
590 3214 796 3298 intellegi-
820 3214 933 3278 diserte
957 3215 1144 3277 contrarium
1159 3212 1254 3276 refert

164 3323 252 3386 Dem.
281 3321 370 3408 Lept.
395 3326 471 3407 (20).
497 3327 555 3387 90:
589 3329 619 3389 ού
642 3325 702 3405 νοὶρ
725 3324 793 3406 ᾤετο
817 3326 830 3388 ὁ
855 3324 953 3388 Σόλων
975 3361 1020 3372 -
1044 3325 1109 3394 σοὺς
1133 3324 1187 3400 μὲν
1211 3324 1255 3385 ls-

164 3433 307 3508 σωούέσως
329 3471 374 3482 -
392 3433 433 3505 δὶς
454 3434 679 3512 δοκιμωσύέντοις
699 3434 816 3514 ἄρχειν,
841 3431 870 3496 ἔν
893 3458 927 3497 τε
946 3442 984 3514 τῇ
1004 3434 1098 3513 βουλῇ
1114 3432 1164 3496 κω)
1181 3430 1254 3509 πωρ’

164 3543 231 3618 ὑμῖν
254 3544 283 3605 ἕν
305 3544 345 3622 τῷ
369 3542 556 3624 δικωσσκρίῳ,
581 3542 647 3612 σοὺς
670 3543 700 3605 δὲ
723 3539 824 3619 νόμους
849 3541 973 3616 οούνούς,
998 3566 1025 3606 κ.
1050 3566 1077 3604 r.
1103 3543 1126 3604 ἑ.
1172 3541 1254 3603 Tum

165 3653 304 3729 demum,
329 3653 440 3716 sinon
464 3651 640 3736 probandus
662 3651 816 3715 videretur
832 3651 953 3715 senatui
970 3650 1099 3727 archon,
1125 3650 1163 3714 ad
1180 3649 1255 3713 heli·

164 3784 266 3838 acam,
291 3761 342 3825 cui
364 3768 524 3844 praeerant
545 3760 787 3837 thesmothetae,
812 3782 859 3823 res
883 3759 1095 3836 deserebatur,
1121 3768 1156 3822 ut
1172 3765 1255 3822 recte
1295 3822 1297 3825 ,

165 3876 306 3933 statuunt
335 3867 470 3932 Meierus
503 3876 534 3932 et
565 3868 814 3945 Schmmrnnm,
847 3868 935 3931 Proo.
968 3891 998 3951 p.
1032 3871 1114 3945 204,
1139 3890 1184 3950 sq.
1209 3905 1255 3916 -

165 3977 225 4041 Pro
249 3979 427 4058 σλνρωύῆνοιι
451 3972 651 4040 Marklandus
676 3985 707 4040 ct
733 3977 875 4040 Dobreus
898 3977 1082 4054 κληρωύῆνοοι.
1131 3975 1191 4039 Sed
1215 3977 1253 4040 cl.

166 4087 254 4149 Dem.
278 4086 409 4150 Timocr.
434 4087 511 4169 (24.)
530 4087 587 4148 58:
612 4073 857 4165 σοὶύικοοσσύριοι,
882 4084 1184 4165 ἃδκροσκροισονμέννς
1201 4094 1255 4159 τῆς

167 4197 278 4267 πόλεως
296 4197 329 4258 ἐκ
345 4200 400 4259 τῶν
416 4194 606 4272 ύμωμοκύτων
621 4201 789 4274 νιλνροῖιτοιι.
814 4194 862 4258 Ib.
880 4197 939 4257 92:
964 4198 1062 4261 οὐκοῦν
1077 4195 1161 4260 τοῦθ’
1177 4193 1254 4267 ὅπως
