2850 5024
737 380 779 440 26

218 599 313 661 puero
336 599 431 660 quum
456 577 643 643 eommodius
666 585 745 642 esset
768 578 884 657 visum,
908 579 991 643 illam
1012 589 1106 645 noctu
1122 587 1152 644 et
1167 579 1302 644 interdiu
1359 571 1361 577 ’
1390 607 1393 611 ’

218 689 250 752 in
277 689 419 752 inferiore
446 711 527 767 esse,
559 690 687 753 maritus
711 690 738 754 ei
761 697 878 774 partem
900 691 1074 756 inferiorem
1098 690 1301 756 andronitidis

218 800 416 878 concedebat,
440 810 476 864 ut
494 801 559 887 ipso
575 808 670 865 totam
687 799 804 866 teneret
819 803 1005 887 superiorem
1021 803 1300 888 contignationem,

216 912 389 978 inferiorem
411 911 520 975 domus
543 919 659 996 partem
683 934 768 976 uxor.
815 912 865 976 Ita
887 914 1107 998 interpretatus
1130 914 1215 980 locus
1239 934 1303 977 non

217 1032 334 1108 pugnat
357 1044 427 1086 cum
451 1022 518 1086 aliis
542 1021 662 1087 aedium
686 1023 872 1108 privatarum
896 1024 1162 1110 descriptionibus
1201 1023 1303 1108 Vulgo

217 1135 260 1198 sic
283 1134 386 1199 locum
409 1135 578 1218 explicant,
605 1144 639 1198 ut
663 1144 732 1200 ante
755 1135 891 1200 mulieris
912 1145 1033 1221 partum
1050 1138 1096 1200 vir
1110 1135 1303 1211 inferiorem,

217 1245 327 1310 mulier
349 1245 533 1330 superiorem
558 1253 637 1309 totas
661 1247 833 1324 tenuerint;
859 1246 983 1311 aliunde
1007 1269 1076 1312 vero
1093 1247 1167 1311 satis
1183 1253 1303 1310 constat

217 1357 380 1422 mulierum
410 1357 551 1420 conclave
582 1357 676 1420 fuisse
706 1359 739 1421 in
769 1356 894 1442 posticis
925 1358 1046 1423 aedium
1079 1357 1233 1444 partibus,
1262 1355 1302 1419 ad

219 1490 295 1553 quas
318 1468 419 1533 aditus
442 1492 496 1554 per
517 1471 663 1545 μέταυλον
685 1471 769 1552 θύραν
792 1470 977 1533 interclusus
997 1478 1084 1535 esset.
1110 1469 1193 1533 Haeo
1208 1468 1302 1532 ianua

217 1580 295 1644 infra
318 1583 334 1666 p
360 1583 397 1646 17
423 1587 693 1657 commemoratur,
718 1580 772 1645 ubi
796 1581 1012 1645 Eratosthenes
1036 1604 1090 1668 per
1105 1581 1251 1659 μέταυλον
1264 1566 1321 1643 ου’

218 1691 455 1778 gynaeconitidis
478 1691 620 1755 inferiore
644 1699 745 1775 parte,
771 1698 801 1756 et
824 1691 895 1756 hinc
918 1715 971 1776 per
994 1693 1107 1758 αὔλειον
1124 1691 1205 1755 foras
1220 1712 1302 1775 egre·

219 1805 311 1869 ditur.
346 1804 438 1868 Eorcs
455 1812 612 1888 crepantes
628 1803 714 1867 audit
728 1801 913 1887 Euphiletus
929 1802 968 1866 de
984 1803 1127 1867 cubiculo
1144 1801 1305 1886 (δωματίῳ),

219 1916 383 2001 superiori,
415 1937 477 2000 quo
504 1915 541 1979 ab
564 1937 659 1979 uxore
681 1937 735 2000 per
757 1915 858 1980 iocum
882 1915 999 1980 scilicet
1022 1915 1160 2006 inclusus
1184 1915 1301 1989 lucrat,

220 2036 250 2092 ct
271 2028 304 2091 in
328 2049 389 2110 quo
412 2027 530 2091 coenati
554 2035 640 2089 erant
663 2026 692 2110 (p
719 2027 756 2088 ll
782 2024 852 2091 coll.
878 2027 943 2108 22).
990 2025 1068 2089 Inde
1098 2027 1204 2090 aviro
1226 2047 1303 2095 uxor

219 2139 400 2203 descendere
435 2137 559 2201 iubetur
589 2144 624 2201 ut
655 2158 817 2200 mammam
848 2159 942 2221 puero
970 2137 1122 2220 praebeat.
1166 2138 1304 2222 Apparet
1330 2144 1345 2175 ·’

220 2257 322 2314 autem
346 2272 362 2313 e
385 2249 500 2313 verbis:
524 2234 668 2335 τολλοίκις
692 2251 708 2322 ἦ
733 2249 806 2325 γυνὴ
829 2249 918 2329 οίιιῄει
940 2248 1020 2311 κοίτω
1037 2249 1250 2324 καθευδήσουσα
1265 2251 1301 2320 ὡς

218 2361 252 2427 τὸ
273 2361 383 2425 ταιδίον
410 2369 479 2444 post
500 2359 598 2444 prima
620 2357 773 2443 puerperii
795 2365 932 2443 tempora
955 2358 1065 2423 bonam
1089 2360 1205 2424 scilicet
1228 2381 1301 2423 uxo-

218 2494 282 2536 rem
305 2493 392 2556 saepe
415 2470 448 2532 in
471 2469 655 2554 superiorem
679 2477 796 2553 partem
812 2491 880 2533 cum
897 2470 1026 2554 coniuge
1041 2470 1180 2537 cubitum
1195 2472 1301 2549 ivisse,

143 2562 146 2569 .
219 2582 302 2666 quod
325 2581 449 2646 minime
472 2588 590 2665 pugnat
613 2602 684 2643 cum
706 2579 768 2644 illis
790 2577 836 2646 ίίια
855 2581 884 2645 δὲ
902 2584 945 2658 μὴ
964 2620 1007 2630 -
1026 2583 1207 2664 κινδυνεύῃ
1221 2584 1303 2647 κατοὶ

219 2703 271 2768 τῆς
295 2695 438 2770 κλίμακος
461 2692 700 2770 καταβαίνουσα,
723 2693 781 2770 ἐγὼ
805 2694 858 2769 μὲν
882 2692 939 2758 ίινοι
963 2694 1122 2776 διαιτώμην,
1144 2697 1175 2759 αἱ
1198 2695 1227 2758 δὲ
1250 2720 1304 2773 γυ-

220 2813 315 2879 ναῖκες
345 2803 443 2879 καίτοι,
476 2826 553 2888 quae
584 2803 743 2869 manifesto
773 2804 979 2888 intellegenda
1011 2818 1084 2888 sunt
1107 2804 1144 2869 de
1168 2805 1304 2890 periculo

219 2917 302 3002 quod
331 2916 443 2980 recenti
475 2922 563 3000 partu
593 2916 771 2979 incurrisset
800 2915 921 2980 femina.
953 2955 998 2964 -
1028 2915 1066 2980 Iu
1094 2917 1191 2981 verbis
1215 2940 1234 2981 a
1255 2941 1304 2982 me

217 3029 330 3093 notatis
354 3028 455 3104 solus,
480 3035 629 3111 quantum
652 3027 734 3109 scio,
749 3027 847 3095 haesit
863 3027 1035 3114 Augerius‚
1052 3028 1216 3105 coniiciens
1233 3027 1302 3093 ίινοι

216 3144 267 3216 τὴν
290 3164 354 3218 νυν.
379 3140 428 3204 καί
452 3140 548 3204 κοίτου
572 3164 600 3205 τ.
624 3139 791 3220 ἀνδρωνῖτιν.

261 3255 278 3336 p
303 3255 352 3314 16.
400 3249 536 3333 Speciem
567 3249 659 3315 habet
689 3251 771 3334 quod
803 3250 912 3322 statuit
943 3249 1139 3317 Halbertsma
1161 3250 1193 3313 in
1217 3247 1303 3315 Mne-

218 3387 341 3449 mosyne
365 3362 429 3440 XI,
454 3385 483 3447 p.
510 3364 592 3438 207,
616 3362 764 3427 eiicienda
787 3386 851 3427 esse
875 3363 966 3427 verba
989 3366 1005 3438 ἡ
1028 3361 1188 3443 ίίνίμιτος,
1210 3370 1247 3424 ut
1262 3360 1302 3424 le·

218 3483 326 3559 gatur:
357 3472 536 3555 τοοςελίοῦσ’
566 3469 612 3537 οὖν
639 3498 703 3554 μοι,
726 3474 819 3552 ἔγγὺς
842 3483 895 3548 τῆς
923 3475 1012 3545 οἰκίας
1035 3483 1087 3548 τῆς
1110 3476 1182 3551 ἐμῆς
1206 3474 1303 3546 ἐτιτκ-

216 3593 320 3668 ροῦσα,
355 3585 524 3666 Εὐφίλκτε,
553 3584 611 3666 ἔφη
642 3610 670 3651 κ.
701 3611 730 3651 τ.
761 3586 803 3662 ἒ.;
836 3584 919 3668 quod
949 3607 1020 3649 vero
1051 3584 1132 3658 idem
1163 3605 1304 3669 praesens

217 3701 391 3777 ἐπιτηροῦσα
413 3695 580 3779 improbat,
605 3695 678 3760 satis
702 3696 811 3781 opinor
833 3695 865 3759 id
889 3695 1066 3759 defenditur
1080 3697 1097 3779 d
1113 3696 1150 3757 8:
1167 3696 1304 3773 ἕτιτκρῶν

217 3811 276 3888 γὰρ
302 3809 355 3880 τὴν
378 3808 551 3887 θεράπαιναν
574 3846 619 3856 -
642 3794 819 3885 καί’λο’γονς
844 3806 1004 3888 τροςφίραν
1031 3808 1183 3870 οἰνιώλεσεν
1206 3808 1307 3878 αὑτήν,

261 3923 279 4005 h
307 3922 359 3982 21.
407 3918 559 3982 Ancillam
595 3919 628 3982 in
659 3919 758 3982 iorum
791 3918 953 3983 seduxerat
983 3917 1185 4001 Euphiletus,
1218 3917 1307 4000 eique

219 4031 433 4116 impunitatem
456 4030 636 4115 promiserat
645 4079 654 4108 ,
678 4031 704 4093 si
727 4030 829 4105 omnia
844 4051 913 4094 rere
928 4028 1108 4104 indicasset,
1126 4026 1237 4091 deinde
1252 4026 1306 4102 illa

219 4143 302 4207 dicto
333 4142 460 4206 audiens
484 4149 546 4218 est,
571 4149 637 4204 turn
660 4140 785 4225 Lysias:
810 4140 907 4212 ἐπειδὴ
931 4139 960 4203 δὲ
984 4140 1099 4210 τοίντα,
1123 4137 1241 4221 inquit,
1266 4137 1305 4202 εί-

218 4277 284 4335 ρκτο
315 4256 407 4334 αὐτῇ,
441 4247 519 4318 είτον
551 4251 624 4328 ἐγώ·
656 4247 755 4329 „dccc
784 4252 875 4315 τοίνυν
905 4257 1005 4315 ταῦτα
1035 4248 1137 4328 andelo
1156 4249 1305 4329 ἀνθρώπων

204 4366 377 4435 τείσεται·
402 4367 426 4434 εί
449 4363 477 4428 δὲ
499 4366 560 4443 μα’,
583 4363 659 4429 οὐδέν
682 4387 723 4434 σοι
746 4364 836 4445 κύριον
858 4363 941 4433 ἔσται
964 4369 1018 4427 τῶν
1041 4362 1110 4442 τρίς
1129 4360 1176 4436 ἔμ’
1194 4363 1303 4440 ὡμολο-
