2850 5024
677 374 734 433 [36

162 575 295 659 captiosa
316 597 482 659 proponere
499 586 691 659 argumenta,
711 575 822 658 quibus
839 575 904 637 laus
922 574 1025 637 callidi
1042 574 1172 637 oratoris
1190 595 1254 636 non

161 686 347 749 subvertitur
355 712 364 763 ;
390 686 476 770 peius
500 693 562 761 est,
588 687 613 748 si
638 695 817 769 argumenta
840 708 901 748 non
927 693 989 748 tam
1014 684 1092 748 nibil
1117 684 1253 768 probant

162 796 380 881 prudentibus,
407 818 498 880 quam
518 795 653 879 intellegi
675 819 735 858 non
757 806 885 879 possunt
902 796 939 860 ab
955 797 1008 872 iis,
1028 796 1139 880 quibus
1157 795 1254 858 desti-

161 916 233 971 nata
259 916 347 982 sunt,
372 928 427 969 nec
452 917 576 991 apparet
600 928 677 989 quae
703 905 768 969 laus
793 907 833 968 sit
857 906 1015 969 tenuitatis
1039 906 1201 989 Lysiacae,
1226 907 1253 968 si

162 1019 362 1104 perspicuitas
387 1018 474 1081 absit.

208 1131 245 1194 In
269 1129 387 1213 reliqua
411 1131 539 1192 oratoris
563 1129 819 1193 demonstratione
843 1153 904 1193 non
929 1130 1033 1192 statim
1061 1128 1178 1212 ubique
1203 1152 1255 1192 111-

162 1265 217 1306 xus
242 1249 374 1326 apparet.
424 1241 473 1304 lta
495 1244 511 1326 q
538 1244 575 1304 12
601 1241 703 1304 subito
727 1242 861 1304 narratio
885 1241 1073 1317 instituitur,
1098 1240 1254 1323 quomodo

164 1353 292 1416 affinitas
309 1351 536 1436 Nicophemum
553 1354 633 1416 inter
650 1359 680 1415 et
696 1360 813 1436 patrem
830 1354 957 1415 oratoris
974 1352 1051 1423 inita
1068 1357 1164 1415 esset:
1182 1357 1257 1430 πρῶ-

162 1488 209 1528 τον
240 1465 292 1538 μὲν
325 1460 387 1543 οὖν,
420 1457 439 1542 ᾧ
470 1461 563 1542 τρόπῳ
594 1464 728 1536 κηδεσταὶ
762 1467 829 1541 ἡμῖν
861 1465 1006 1546 ἐγένοντο,
1036 1462 1139 1538 διδάξω
1164 1465 1255 1540 ὑμᾶς.

164 1573 232 1637 Η11
263 1574 362 1658 primo
394 1573 431 1636 ad
463 1596 584 1636 cansam
616 1574 760 1637 interesse
788 1597 895 1658 parurn
920 1554 1060 1638 videtur.¹
1096 1573 1156 1637 Sed
1181 1573 1256 1637 dum

164 1686 302 1769 pergitur
332 1684 501 1761 narrando,
534 1695 659 1769 apparet
690 1685 866 1749 affinitatem
897 1709 965 1750 cum
999 1685 1193 1770 Nicophemo
1225 1695 1258 1748 et

166 1794 370 1878 Aristophane
394 1817 456 1858 nou
480 1796 650 1878 quaesitam
674 1818 738 1858 1111
762 1804 886 1881 propter
902 1796 1034 1860 divitias.
1076 1798 1180 1883 Atque
1197 1799 1259 1861 hoc

165 1913 228 1970 erat
244 1906 322 1969 illud
339 1906 421 1989 quod
439 1905 678 1970 animadvertere
695 1907 888 1991 potissimum
904 1931 1012 1992 operae
1029 1910 1163 1993 pretium
1181 1917 1257 1973 erat.

165 2017 312 2081 Similiter
343 2020 476 2082 sectione
508 2022 547 2081 18
571 2041 633 2082 non
657 2019 779 2082 disertis
805 2021 901 2084 verbis
926 2015 1039 2084 dicitur
1063 2045 1125 2084 non
1148 2021 1260 2106 proba-

167 2128 226 2192 bile
262 2151 326 2193 esse
362 2130 528 2214 quidquam
564 2131 801 2215 Aristophanem
838 2133 916 2215 patri
952 2133 1080 2196 oratoris
1117 2133 1258 2210 dedisse,

167 2249 287 2304 tantum
318 2263 380 2304 non
410 2263 551 2325 magnam
583 2242 837 2306 consuetudinem
867 2244 946 2306 inter
975 2246 1263 2328 111111111111111111-Ι

166 2353 307 2443 cessisse3
332 2353 412 2416 uude
437 2353 512 2437 quid
536 2362 742 2438 consequatur
764 2355 972 2439 colligendum
996 2356 1191 2438 auditoribus
1213 2379 1256 2420 re·

165 2466 288 2548 linquit.
318 2464 457 2527 Sectione
481 2467 540 2527 at:
565 2465 614 2530 sal
638 2468 667 2530 οὐ
691 2482 825 2545 aceram.
850 2468 1258 2532 κ.τ.ἓ.1111111111111ο1;

167 2577 192 2639 si
224 2575 315 2638 simul
346 2576 516 2659 computari
548 2585 688 2660 possent,
733 2599 810 2659 quae
846 2578 904 2641 sibi
935 2576 1028 2662 Cypri
1059 2579 1262 2642 reservaverit

167 2687 394 2772 Nicophemus,
420 2688 512 2750 etiam
535 2688 635 2750 minus
660 2688 822 2752 discrimen
846 2698 1003 2773 appareret
1026 2690 1105 2752 inter
1121 2687 1263 2752 Cononis

167 2807 197 2864 et
221 2798 436 2882 Aristophanis
460 2798 548 2862 bona.
582 2798 641 2863 Sed
665 2799 771 2878 verba,
798 2808 832 2863 ut
855 2823 938 2864 nunc
961 2800 1122 2884 leguntur,
1148 2800 1186 2863 ad
1209 2800 1264 2864 de·

167 2910 400 2974 monstrandum
430 2909 592 2974 admodum
628 2910 771 2994 ambigua
800 2917 880 2974 sunt.
927 2911 1032 2995 l'riget
1059 2912 1150 2974 etiam
1174 2914 1191 2996 q
1216 2915 1261 2974 52

168 3045 202 3086 eo
227 3021 419 3106 potissimum
444 3021 511 3084 loco
535 3022 668 3106 positum
693 3023 806 3088 111111.

212 3133 352 3216 Denique
376 3131 542 3195 tenendum
566 3143 659 3217 puto,
685 3134 710 3195 si
735 3134 795 3196 vim
812 3155 898 3196 suam
916 3134 1044 3197 sectioni
1061 3136 1102 3194 28
1120 3142 1265 3198 constare

168 3244 312 3320 velimus,
338 3266 459 3307 necesse
484 3267 547 3307 esse
571 3245 729 3308 credamus
753 3245 845 3328 paulo
870 3257 939 3328 post
957 3244 1123 3307 discessum
1142 3245 1266 3307 Aristo-

169 3354 300 3437 phanem
332 3354 511 3418 damnatum
543 3379 617 3419 esse.
665 3356 818 3421 Sectione'
839 3359 966 3420 19-26
1000 3357 1266 3419 demonstraverat

171 3465 408 3549 Aristophanem
441 3466 478 3529 ad
514 3467 656 3552 Cypriam
694 3468 917 3552 expeditionem
954 3468 1092 3550 undique
1116 3466 1267 3531 sumsisse

167 3577 327 3660 pecuniam
352 3585 501 3641 mutuam.
542 3578 609 3641 Hoc
626 3588 785 3663 postquam
804 3579 981 3642 testimonio
997 3579 1129 3641 firmavit
1144 3578 1264 3662 pergit:

166 3685 208 3752 dri
236 3690 289 3764 μὲν
317 3690 407 3752 τοίνυν
438 3693 468 3753 οὐ
495 3691 696 3753 κατέλιπεν
720 3690 931 3769 Ἀριστοφάνης
955 3688 1085 3768 ἀργύριον
1110 3690 1170 3753 οὐδὲ
1189 3715 1266 3769 χρυ-

165 3800 240 3881 σίον,
273 3799 360 3882 ῥᾴδιον
392 3806 497 3876 patrat
529 3803 565 3864 ἐκ
596 3806 661 3865 τῶν
690 3802 879 3878 εἰρημένων
902 3801 961 3864 aa}
986 3802 1268 3880 praeproperat·

165 3935 235 3976 ror.
275 3911 337 3974 Ubi
371 3933 541 3975 sermonem
573 3935 636 3975 1111
666 3911 702 3975 de
733 3914 770 3974 iis
802 3934 879 3996 quae
911 3912 1041 3974 moriens
1066 3911 1264 3996 reliquisset,

169 4031 294 4106 apparet
317 4045 352 4085 ex
377 4024 588 4106 sequentibus.
635 4024 708 4086 Tam
734 4024 879 4107 exiguum
903 4025 1048 4107 temporis
1065 4022 1266 4087 intervallum

171 4134 267 4218 igitur
290 4135 501 4199 intercesserat
525 4144 559 4198 nt
583 4138 614 4198 in
639 4159 762 4199 censum
788 4136 904 4198 veniret
925 4134 1004 4197 nihil
1026 4156 1147 4197 necesse
1164 4144 1266 4214 esset,

171 4243 255 4327 quod
278 4245 370 4308 etiam
393 4255 472 4308 recte
497 4247 638 4310 convenit
664 4269 733 4310 cum
756 4249 772 4330 q
795 4250 847 4310 43.
891 4249 992 4329 Atque
1016 4246 1088 4309 hinc
1112 4245 1268 4331 intellegi-

172 4362 223 4417 tur
255 4378 290 4418 ex
318 4357 436 4420 duabus
461 4358 704 4442 expeditionibus
729 4359 760 4421 in
785 4357 918 4442 Cyprum
943 4358 1109 4442 susceptis,
1134 4358 1171 4422 de
1197 4362 1267 4442 qui·
