2850 5024
678 389 717 449 10

161 594 286 652 omatus
315 589 467 668 defeetus3
498 589 589 654 simul
620 589 766 654 subtilitas
796 590 859 652 sive
890 597 978 653 acuta
1005 589 1241 664 demonstratio;

162 698 292 785 denique
322 703 453 766 brevitas.
503 701 616 765 Tenuis
646 709 747 764 orator
770 723 877 784 parcus
902 708 947 765 est
970 700 1085 777 verbis,
1110 708 1139 762 et
1163 700 1244 763 inor·

161 819 267 888 natus,
292 812 345 876 sed
369 812 448 878 idem
471 836 562 877 sanus
586 835 621 877 ac
644 814 788 890 sobrius,
805 812 945 891 subtilis,
971 820 1085 888 tersus,
1106 811 1242 894 elegans,

161 923 279 987 cavebit
310 946 327 986 a
357 926 526 989 ieiunitate.
574 924 666 1005 Quod
698 925 723 988 si
747 948 765 987 a
788 924 916 1008 potiori,
942 932 977 986 ut
1001 923 1104 1001 aiunt,
1128 946 1175 986 res
1199 924 1244 985 iu·

161 1032 291 1097 dicanda
321 1041 382 1112 est,
415 1035 522 1119 Lysias
554 1036 592 1099 ad
624 1037 681 1099 hoc
709 1058 806 1121 genus
830 1035 943 1119 optime
966 1034 1129 1112 referetur,
1153 1034 1245 1098 modo

160 1168 198 1209 ne
233 1145 382 1210 tenuitate
412 1148 536 1213 'excludi
572 1150 649 1212 vires
683 1148 713 1211 in
749 1147 878 1211 dicendo
907 1154 1003 1232 putes.
1051 1147 1143 1211 Recte
1166 1148 1247 1210 enim

162 1257 309 1320 iudicavit
331 1258 436 1322 Cicero
460 1260 490 1322 in
515 1260 613 1323 Bruto
636 1282 662 1322 c.
688 1262 746 1322 31:
770 1260 826 1337 „in
846 1257 939 1343 Lysia
958 1281 1045 1342 saepe
1062 1267 1135 1322 sunt
1153 1260 1245 1322 etiam

161 1368 289 1446 „lacerti
312 1370 355 1434 sic
378 1379 413 1433 ut
432 1371 496 1434 fieri
516 1372 613 1455 possit
631 1370 709 1434 nihil
731 1370 911 1434 valentius.’'
935 1369 1142 1434 Veruntamen
1161 1371 1244 1454 quod

160 1480 278 1544 roboris
300 1482 380 1545 inest
402 1483 435 1545 in
458 1482 516 1546 hoo
539 1506 648 1566 genere
672 1484 878 1567 eloquentiae,
904 1504 965 1545 non
988 1483 1190 1568 proficiscitur
1207 1504 1266 1544 ex-

161 1593 340 1657 tractatione
370 1593 422 1657 sed
447 1616 483 1657 ex
506 1594 572 1678 ipso
597 1605 792 1679 argument03
816 1617 877 1658 non
902 1602 1034 1658 sectatur
1056 1593 1157 1657 tenuis
1181 1615 1245 1655 ora-

162 1709 210 1767 tor
238 1726 343 1787 graves
373 1704 616 1789 ponderosasque
646 1707 828 1782 sententias,
860 1728 921 1768 non
956 1705 1074 1769 animos
1103 1712 1245 1789 potenter

163 1814 364 1879 commovebit
386 1815 579 1879 miseratione
602 1824 632 1879 et
655 1816 899 1899 perturbatione3
920 1816 973 1880 sed
989 1814 1246 1900 quemadmodum

164 1928 216 1991 alii
247 1927 414 2012 grandibus
444 1928 543 1992 verbis
573 1906 726 2012 imponere
750 1928 849 1991 solent
872 1927 1006 1991 subinde*
1024 1936 1055 1990 et
1078 1927 1172 1990 aciem
1195 1949 1246 1989 au·

164 2039 298 2103 ditorum
320 2039 556 2125 praestringere,
582 2040 625 2102 sio
648 2039 700 2103 ille
725 2062 777 2124 per
799 2039 937 2123 vulgaria
959 2039 1051 2102 verba
1074 2036 1112 2101 ad
1129 2038 1246 2101 animos

164 2151 339 2215 auditorum
361 2152 490 2235 arrepit3
516 2150 678 2235 persuadet
700 2172 762 2214 non
786 2151 931 2214 incendit.
978 2149 1119 2214 Flumine
1143 2147 1247 2211 verbo·

163 2285 232 2326 rum
259 2262 372 2346 abripit
403 2260 622 2325 Demosthenes
649 2272 774 2339 „monte
805 2261 968 2325 decurrens
997 2261 1082 2324 velut
1110 2260 1207 2322 amnis
1216 2258 1247 2335 ;'’

163 2372 273 2457 Lysias
300 2373 409 2437 leniter
439 2372 596 2451 allabitur,
620 2360 742 2459 ¹placidi
771 2381 800 2436 11
824 2373 920 2457 quieti
943 2371 1034 2435 rivuli
1056 2372 1167 2448 instar,
1193 2370 1247 2454 qui

164 2505 231 2548 raro
257 2484 372 2549 'fluctus
401 2491 510 2548 movet.
557 2485 724 2548 Sanitatem
759 2493 790 2548 et
823 2484 1017 2548 sobrietatem
1050 2485 1185 2547 Atticam
1215 2484 1247 2546 in

165 2603 295 2680 utroque
319 2618 477 2681 agnoscas,
502 2596 554 2661 sed
578 2596 784 2660 vehementior
800 2605 846 2660 est
861 2595 1099 2671 Demosthenes,
1117 2595 1249 2678 quietior

107 2696 111 2708 ’
165 2704 284 2791 Lysias.
331 2707 372 2770 Et
402 2709 546 2792 quoniam
570 2695 765 2792 argumenta,
790 2731 867 2792 quae
895 2709 945 2771 hie
972 2706 1140 2783 tractabat,
1164 2713 1251 2769 erant

165 2818 308 2904 pleraque
330 2817 426 2895 levia,
451 2826 482 2882 11
504 2826 591 2903 apte,
615 2818 647 2881 id
664 2827 710 2882 est
725 2818 763 2882 de
779 2818 922 2883 tenuibus
939 2817 1072 2881 tenuiter
1088 2817 1189 2880 dicere
1205 2838 1251 2878 so·

162 2927 262 3005 lebat,
288 2929 401 2993 sensim
424 2930 489 2992 eius
513 2929 610 2993 oratio
634 2929 723 2993 illum
746 2929 878 2993 colorem
901 2930 1035 3014 aceepit,
1061 2935 1097 2990 ut
1120 2927 1158 2990 ad
1181 2928 1251 2990 sim·

164 3039 349 3125 plicitatem,
385 3040 511 3103 nimiam
544 3040 690 3118 subinde,
732 3042 765 3104 in
800 3042 906 3125 quovis
941 3047 1119 3124 argumento
1153 3039 1250 3122 magis

164 3151 307 3237 proclivis
338 3157 417 3214 esset
448 3173 539 3236 quam
569 3152 608 3215 ad
638 3152 859 3216 vehementiam
888 3161 917 3216 et
945 3153 1094 3236 impetum
1117 3148 1248 3213 dicendi.

165 3262 271 3343 „Quia
299 3271 329 3325 et
356 3263 488 3346 privatas
510 3262 563 3326 ille
586 3262 766 3348 plerasque,
791 3273 821 3327 et
845 3286 894 3327 eas
918 3264 999 3347 ipsas
1023 3262 1105 3340 aliis,
1131 3268 1160 3324 11
1184 3283 1249 3345 par·

165 3397 293 3454 „varum
315 3396 417 3438 rerum
440 3374 579 3438 causulas
603 3375 742 3459 scripsit,
767 3376 888 3440 videtur
915 3398 979 3439 esse
1007 3375 1154 3452 ieiunior,
1179 3395 1249 3436 cum

111 3514 118 3530 ·
165 3511 220 3566 „se
243 3488 309 3572 ipse
332 3487 472 3550 consulto
496 3486 534 3550 ad
557 3488 746 3551 minutarum
769 3510 930 3551 causarum
952 3509 1062 3571 genera
1078 3484 1250 3573 limaverit”

166 3599 241 3683 (Cic.
266 3597 304 3662 de
328 3606 390 3682 opt.
415 3619 484 3682 gen.
509 3600 593 3683 onq
637 3600 657 3682 ).

210 3709 320 3794 Neque
350 3708 592 3773 obliviscendum
622 3717 669 3773 est
699 3718 833 3793 quantus
862 3711 953 3774 hrerit
975 3732 1120 3773 numerus
1144 3707 1252 3770 oratio-

167 3845 242 3886 num
264 3821 479 3906 Lysiacarum;
503 3828 619 3886 veteres
642 3821 774 3906 amplius
797 3815 944 3885 ducentis
967 3843 1124 3906 germanas
1138 3820 1252 3883 iudice-

167 3934 256 4011 bant,
281 3933 334 3997 sed
358 3939 512 4017 praeterea
534 3933 596 3996 iam
619 3933 692 3996 olim
708 3932 826 4017 aliquot
842 3933 992 3996 interiisse
1008 3932 1082 3996 satis
1098 3929 1252 4016 credibile.

89 4121 91 4127 Α
167 4044 215 4109 Ν1
228 4095 233 4101 .
247 4046 273 4108 11
305 4052 480 4128 argumenta
506 4044 630 4128 quidem
653 4045 791 4128 graviora
813 4044 960 4121 fuissent,
985 4044 1024 4106 in¹
1041 4043 1183 4107 omnibus
1206 4063 1252 4104 or-

157 4137 259 4220 natus
275 4165 303 4219 et
321 4155 512 4219 vehementes
530 4155 623 4218 animi
638 4163 739 4218 motus
756 4134 922 4237 exspectari
934 4153 1121 4238 potuissent;
1139 4160 1253 4235 quanto

166 4268 269 4332 minus
297 4263 416 4352 potuit,
441 4291 536 4351 quum
560 4289 667 4331 causae
690 4266 729 4328 ad
753 4288 822 4329 eum
846 4264 963 4329 delatae
987 4263 1147 4347 pleraeque
1171 4263 1252 4326 leves

168 4391 269 4446 essent
298 4381 445 4463 (raamias
468 4377 603 4463 appellat
626 4376 753 4461 Cicero).
792 4377 922 4441 Etiamsi
944 4398 1006 4439 non
1029 4373 1144 4438 iudicio
1167 4374 1252 4437 illam
