2850 5024
736 303 797 365 178

219 499 430 585 praetermisit.
478 497 524 561 De
554 497 705 576 όφείλεται
729 498 753 558 δ’
777 501 875 569 αὐτοῖς
899 499 936 562 cl.
962 498 1000 561 ad
1022 501 1073 562 13.
1093 501 1144 562 63.
1164 537 1211 548 -
1231 499 1315 564 Tum

217 608 382 691 legendum
409 606 465 676 τόις
496 605 559 685 τερί
591 605 698 669 τούτων
720 607 805 670 οίτοδ.
829 628 915 683 ,,ιιοιι
939 608 1025 671 vobis
1049 607 1176 692 dignum
1202 615 1250 672 est
1274 609 1315 672 de

217 718 288 793 „his
321 718 388 800 [qui
420 722 490 778 ante
519 714 663 798 descripti
696 722 769 778 sunt
800 715 899 778 verbis
929 713 986 780 ὅσοι
1010 754 1055 765 -
1078 719 1313 802 πεπραγμένων]

216 826 406 903 „calumnias
429 823 565 887 audire?
611 823 693 886 Male
716 824 818 886 vincta
843 832 889 887 est
911 826 1009 888 oratio
1033 825 1093 888 nisi
1117 822 1174 891 ὅσοι
1199 827 1311 905 habet,

216 957 278 1018 quo
309 935 464 997 referatur.
511 932 736 1016 Compendium
770 935 1004 1018 praepositionis
1040 936 1105 1015 τερί
1138 937 1177 1018 (Π
1216 958 1313 1020 supra

216 1045 329 1127 scripto
352 1046 380 1124 ε)
404 1050 473 1105 ante
496 1050 525 1104 T
549 1041 695 1105 excidisse
718 1041 849 1105 videtur.
895 1043 1122 1122 Ὕτοδέχεσόκι,
1141 1043 1225 1128 quod
1241 1043 1310 1108 Pal.

215 1153 309 1216 habet
330 1153 470 1236 ineptum
491 1173 573 1228 esse,
599 1172 703 1214 omnes
727 1151 880 1214 viderunt.

259 1263 276 1343 p
302 1263 352 1323 13.
391 1259 495 1324 καίτοι.
518 1257 674 1322 Dobreus:
696 1281 904 1341 ‚‚qnomquom.
930 1255 997 1322 Imo
1020 1260 1080 1323 καί.
1096 1297 1142 1307 -
1165 1258 1240 1324 Νοιι
1255 1283 1311 1345 op·

216 1370 367 1452 ,‚positio‚
392 1368 445 1431 sed
469 1367 691 1430 continuatio.”
719 1367 792 1430 Non
809 1369 967 1431 assentior.
999 1368 1119 1445 Multa,
1136 1370 1256 1451 inquit,
1274 1372 1309 1433 in

216 1478 371 1540 civitatem
394 1477 512 1539 contuli
535 1476 690 1540 beneficia.
722 1476 764 1539 Et
786 1484 888 1539 tamen
912 1479 948 1560 (s.
973 1486 1005 1540 at
1020 1481 1103 1561 vero)
1118 1478 1178 1540 hoc
1193 1477 1253 1541 feci
1269 1487 1307 1542 ut

212 1587 337 1649 meliore
360 1586 427 1648 loeo
451 1586 533 1669 apud
557 1608 610 1648 vos
634 1608 745 1663 essem,
767 1607 830 1648 non
848 1586 1016 1669 praesentis
1033 1585 1234 1650 emolumenti
1250 1596 1308 1652 aut

207 1695 338 1764 ¹honoris
361 1717 460 1758 causa.
508 1695 642 1758 Similem
665 1695 897 1779 explicationem
913 1695 1005 1759 habet
1020 1695 1101 1762 idem
1119 1696 1307 1759 vocabulum

211 1805 228 1886 d
255 1807 294 1866 14
318 1805 376 1868 sub
399 1805 468 1867 fin:
491 1804 654 1868 adversarii
671 1826 732 1866 non
749 1804 935 1868 contendent
950 1826 999 1868 me
1015 1804 1072 1868 sub
1089 1805 1217 1888 triginta
1231 1806 1306 1868 viris

212 1934 337 1975 munere
360 1913 519 1989 functum3
543 1921 573 1977 et
594 1920 691 1976 tumen
714 1934 749 1975 eo
765 1913 944 1976 fatebuntur
959 1936 1008 1977 me
1024 1913 1139 1976 honore
1155 1913 1304 1996 dignum,

213 2042 245 2082 se
274 2020 434 2084 mendaces
467 2044 542 2085 esse.
589 2021 637 2084 Of.
669 2022 760 2085 etiam
784 2024 801 2105 d
828 2024 867 2084 13
891 2023 984 2086 καίτοι
1008 2025 1032 2087 εί
1055 2029 1124 2093 τοῖς.
1153 2022 1192 2085 In
1216 2046 1307 2108 supe-

213 2128 345 2191 rioribus
379 2150 490 2212 sequor
518 2128 737 2193 Marklandum
774 2152 843 2193 cum
873 2130 1032 2206 Scheibi03
1064 2137 1134 2213 post
1159 2130 1226 2194 οιίτε
1249 2139 1307 2196 τῶν

212 2238 398 2317 τετροωωτίων
429 2237 569 2314 ἐγενόμαν
592 2236 786 2321 abrumpitur
815 2238 913 2301 oratio
936 2260 990 2322 per
1012 2238 1304 2320 interrogationem:

210 2352 277 2408 tum
309 2367 363 2428 pro
395 2347 489 2410 altero
517 2346 583 2411 οιίτε
613 2354 732 2410 mutata
760 2354 931 2411 structura:
961 2350 993 2410 ού
1016 2348 1106 2412 τοίνυν
1126 2346 1182 2412 οὐδ’
1203 2348 1304 2422 ἐπειδὴ

211 2457 234 2519 οἱ
254 2455 408 2534 τριοίκοντα
427 2456 495 2538 (pro
512 2466 608 2521 ΟΙΔΕ
628 2457 649 2520 i.
674 2479 700 2520 e.
727 2457 817 2532 ΟΙΛ’,
842 2458 866 2520 ol
889 2457 929 2538 λ’)
952 2457 1156 2538 κατέστησαν,
1179 2482 1206 2520 κ.
1226 2482 1256 2520 τ.
1277 2458 1302 2522 ἑ.

254 2565 271 2646 ᾧ
296 2566 347 2626 19.
394 2563 455 2627 ἔνιοι
479 2563 503 2626 δ’
525 2564 573 2627 ἕτί
597 2571 656 2635 τοῖς
680 2565 823 2644 ὑμετέροις
846 2563 1033 2642 ἐδωροδόκουν.
1069 2564 1210 2628 Dobreus
1232 2586 1304 2628 con·

210 2670 284 2734 tulit
308 2674 361 2734 29.
389 2674 446 2733 ll:
480 2674 636 2752 Ἐργοκλεῖ
663 2673 792 2742 συνειδὼς
822 2671 977 2737 κλέπτοντι
1004 2672 1054 2736 καί
1078 2672 1125 2736 ε’τί
1147 2680 1207 2744 τοῖς
1230 2674 1303 2750 ὑμε-

210 2781 297 2860 τέροις
320 2781 523 2862 δωροδοκοῦντι.
555 2779 660 2859 Quare
683 2788 782 2851 κακοῖς
805 2803 867 2844 non
891 2780 1066 2845 addendum
1090 2783 1208 2865 opinor.
1239 2784 1306 2846 Ετί

209 2889 360 2973 significat
395 2888 490 2966 illud,
527 2910 589 2973 quo
624 2896 770 2971 tanquam
806 2889 933 2971 pignore
966 2890 1149 2972 interposito
1180 2889 1300 2974 aliquid

209 2998 415 3062 nanciscimur
421 3024 431 3075 ,-
461 3007 561 3062 vestra
585 2998 665 3061 bona
687 2999 719 3061 in
744 2997 906 3062 discrimen
929 2998 1062 3076 dabant,
1088 3006 1123 3062 ut
1147 3020 1201 3080 per
1223 2998 1300 3061 haec

207 3105 412 3183 lucrarentur,
446 3128 507 3189 qua
537 3105 567 3168 vi
598 3107 649 3169 ἐντί
678 3112 724 3168 est
750 3105 784 3168 in
814 3105 949 3186 δανείζειν
980 3113 1011 3169 et
1042 3105 1219 3185 δανείζεσθαι
1250 3104 1299 3170 ἕτί

207 3215 343 3292 daedalon,
368 3213 416 3278 ε’τὶ
439 3224 477 3294 τῇ
500 3214 561 3289 nal,
586 3213 680 3277 δοῦναι
703 3213 751 3276 ἐκ)
774 3215 908 3294 ἐνεχύρῳ.

249 3323 266 3404 ᾧ
290 3323 342 3384 22.
389 3321 485 3396 ἐπειδὴ
514 3321 543 3385 δὲ
571 3321 767 3398 τιινόοίνοιοόε,
802 3323 869 3393 τοὺς
895 3323 949 3398 μὲν
972 3323 1148 3402 τριςχιλίοιις
1172 3322 1299 3386 στατιοί-

205 3429 307 3508 ζοντας
329 3467 391 3506 -‚
423 3430 540 3500 τλείονς
570 3428 699 3501 δ’όντας
722 3431 787 3503 τοὺς
811 3431 898 3511 ὑπὲρ
922 3434 1018 3507 ἡμῶν
1042 3430 1170 3502 δεδιότας
1191 3430 1208 3504 ἢ
1231 3430 1299 3501 τοὺς

206 3538 274 3613 ὑμῖν
305 3542 523 3614 πολεμοῦντας,
554 3536 616 3600 τοτ’
650 3537 701 3611 ἤδη
732 3576 777 3586 -
804 3538 1002 3614 τροςεδοκόίτε.
1050 3538 1111 3602 Pro
1134 3538 1163 3603 δὲ
1189 3538 1299 3602 τννόοί·

206 3647 293 3709 νοιοίε
324 3646 529 3708 necessarium
560 3645 682 3708 ridetur
710 3644 734 3709 δ’
757 3645 955 3712 ἕτννόοίνετίε.
1002 3645 1076 3710 Non
1100 3647 1180 3710 enim
1205 3646 1298 3709 utin

206 3754 389 3837 praegressis
420 3753 523 3836 agitur
553 3752 591 3815 de
622 3753 743 3816 actione
770 3755 901 3837 repetita
924 3751 983 3837 (ὅτε
1002 3753 1149 3831 οίκούοιτε,
1178 3775 1295 3836 quum,

205 3861 343 3945 quoties,
368 3860 549 3944 audiebatis)
573 3859 625 3923 sed
650 3882 713 3923 uno
736 3869 903 3925 momento.
949 3861 1029 3925 Tum
1053 3862 1212 3944 aliquanto
1235 3883 1297 3924 me·

203 3969 264 4033 lius
286 3969 384 4033 Pelet.
409 3972 475 4041 τοὺς
500 3970 569 4050 ὑπὲρ
592 3969 670 4043 ὑμῶν
690 3969 828 4040 δεδιότας.
865 3969 946 4034 Nam
962 3972 988 4034 si
1004 3971 1152 4034 voluisset
1166 3968 1293 4053 Lysias:

203 4078 308 4162 plures
336 4100 400 4142 esse
424 4079 601 4153 internos,
627 4078 681 4159 qui
705 4078 764 4141 sibi
787 4080 949 4157 timerent,
975 4080 1147 4163 scripsisset
1169 4077 1293 4161 opinor:

202 4187 318 4257 τλείονς
341 4185 365 4249 δ’
384 4185 469 4259 όντας
492 4189 587 4263 ἡμῶν
614 4187 701 4256 τοὺς
725 4187 810 4268 ὑπὲρ
833 4189 951 4253 αὑτῶν
974 4186 1120 4264 δεδιότας,
1144 4192 1199 4251 aut
1213 4190 1295 4249 certe
