2850 5024
821 392 862 452 20

294 593 440 658 Ps.·Plut.
464 594 518 658 vit.
543 592 607 656 deo.
632 614 676 655 or.
701 615 730 678 p.
757 593 830 655 836.
849 592 886 668 A,
904 589 1031 675 Dionys.
1049 590 1070 653 l.
1083 590 1104 653 l.
1118 611 1143 654 c.
1161 592 1211 653 12.
1243 589 1382 654 Dimidia

292 707 386 792 igitur
409 729 478 792 pars
502 705 607 790 spuria
629 704 666 768 ab
690 704 729 767 iis
753 703 992 768 existimabatur.
1040 701 1078 765 In
1114 724 1175 786 quo
1200 702 1316 766 iudicio
1339 703 1380 765 1-

290 817 385 882 rendo
408 840 483 881 num
505 817 675 902 Dionysius
698 817 728 880 in
754 839 843 880 usum
875 815 1051 879 adhibuerit
1074 813 1295 880 Callimachum
1318 818 1381 900 (cu-

290 931 338 992 ius
361 930 511 994 iudicium
534 929 572 994 de
594 929 723 1015 Lysiaoa
746 929 877 1013 quadam
900 929 1036 992 oratione
1060 951 1097 992 ex
1121 927 1244 1004 πίναξιν,
1260 928 1379 1012 opinor,

289 1040 483 1126 depromtum
499 1040 586 1105 affert
601 1041 639 1104 de
656 1040 742 1104 Isaeo
767 1062 792 1104 c.
819 1043 851 1126 6)
884 1048 938 1103 0111
961 1040 1036 1103 alios
1062 1038 1285 1104 Alexandrinos
1309 1039 1381 1102 Per-

290 1174 484 1237 gamenosve‚
509 1175 571 1216 non
596 1158 696 1237 potest
727 1150 857 1215 definiri.
903 1151 1021 1214 Partim
1052 1150 1176 1235 quidem
1199 1173 1255 1214 suo
1279 1149 1380 1213 Marte

290 1264 353 1348 egit
384 1264 432 1348 (cl.
464 1264 502 1328 de
524 1265 596 1350 Lys.
624 1267 686 1350 la).
712 1263 772 1328 Sed
795 1270 831 1326 ut
855 1270 962 1328 notum
985 1272 1050 1342 est,
1074 1263 1183 1349 Lysiae
1206 1263 1378 1349 simplicem

289 1375 472 1458 elegantiam
501 1376 615 1439 multos
647 1375 685 1439 ad
714 1376 918 1439 imitationem
949 1376 1094 1439 excitasse
1125 1375 1174 1458 (cf.
1200 1373 1263 1439 (lic.
1288 1374 1377 1437 Brut.

288 1488 431 1587 passim),
464 1488 507 1551 sie
539 1488 611 1551 satis
635 1487 794 1573 probabile
818 1495 880 1566 est,
905 1487 1019 1551 multos
1043 1487 1180 1551 falsarios
1205 1485 1377 1561 exstitisse,

189 1614 193 1622 ·
289 1599 343 1682 qui
372 1598 483 1684 Lysiae
514 1598 687 1683 suppositas
718 1599 870 1662 orationes
901 1598 1095 1683 Pergamenis
1124 1597 1246 1683 regibus
1271 1596 1378 1660 aliisve

288 1709 455 1774 venderent
479 1709 528 1792 (01.
553 1709 591 1774 de
613 1709 686 1774 Din.
715 1713 751 1789 l,
775 1710 989 1775 Westermann
1013 1711 1033 1775 l.
1058 1711 1078 1775 l.
1104 1734 1133 1795 p.
1154 1712 1234 1787 173,
1259 1732 1289 1771 11.
1308 1709 1376 1791 20),

218 1864 222 1871 ,
289 1820 381 1905 vulgo
412 1826 513 1883 autem
543 1820 681 1884 homines
705 1820 780 1905 quid
805 1821 954 1885 distarent
983 1844 1051 1885 aera
1073 1821 1204 1906 lupinis,
1228 1843 1291 1885 non
1315 1819 1379 1882 ani-

288 1931 495 1996 madvertisse.
522 1932 715 1997 Andocideae
737 1934 791 2018 (6),
815 1956 914 1997 nonae
939 1934 1020 2016 (ὑπὲρ
1043 1940 1093 1998 τοῦ
1113 1933 1309 2016 στρατιώτου),
1327 1931 1379 1994 de-

288 2044 383 2107 cimae
417 2043 666 2128 (Tbeomnesteae
697 2043 737 2129 I),
765 2052 892 2129 quartae
920 2045 1053 2108 decimae
1079 2045 1123 2127 (in
1148 2043 1247 2108 Alcib.
1273 2043 1310 2128 I),
1335 2043 1379 2105 11-

289 2155 418 2219 cesimae
442 2156 508 2240 (pro
532 2155 726 2240 Polystrato),
753 2157 923 2221 tricesimae
944 2155 1199 2241 (Nicomacheae),
1217 2178 1268 2219 sex
1280 2155 1378 2239 igitur

288 2266 477 2331 orationibus
509 2291 545 2332 ex
581 2269 798 2354 superstitibus
832 2272 941 2355 (neque
972 2269 1079 2333 laudat
1110 2272 1226 2353 omnes)
1257 2267 1377 2352 Harpo-

288 2379 383 2443 010110
414 2401 467 2463 per
499 2379 646 2444 voeabula
677 2381 700 2445 εἰ
716 2381 830 2457 γνήσιος
847 2380 970 2444 obelum
986 2380 1240 2464 suumappinxit.
1265 2377 1377 2462 Neque

287 2490 361 2554 haec
392 2489 462 2554 ideo
490 2514 578 2556 ame
605 2491 816 2576 proferuntur,
846 2493 989 2578 quoniam
1013 2491 1265 2576 Harpocrationis
1297 2488 1388 2552 111111-Ι

286 2604 368 2667 cium
398 2601 503 2686 magni
529 2600 655 2679 faciam,
687 2609 809 2666 tantum
840 2611 876 2666 ut
906 2611 1041 2682 constet,
1070 2627 1087 2666 a
1111 2603 1263 2668 veteribus
1288 2600 1377 2664 dubi-

285 2722 384 2779 tatum
400 2712 492 2798 vulgo
509 2712 612 2777 luisse.
630 2713 677 2776 Ex
693 2714 900 2793 orationibus,
917 2737 1047 2799 quarum
1058 2716 1192 2779 nonnisi
1206 2715 1376 2799 fragmenta

285 2806 465 2911 supersunt,
488 2824 621 2911 amplius
637 2825 765 2910 triginta
781 2824 892 2889 dubiae
909 2827 1098 2889 auctoritatis
1119 2827 1200 2890 visae
1219 2831 1301 2911 sunt.
1326 2822 1374 2886 Cf.

284 2936 437 3022 Sauppius
470 2937 503 3001 in
534 2937 603 3001 coll.
635 2937 740 3022 fragm.
765 2937 824 3002 101.
849 2937 893 3001 ΙΙ.
919 2936 965 3002 ed.
990 2937 1092 3001 Turic.

325 3049 435 3133 Itaque
458 3049 485 3121 si
508 3047 547 3112 ad
570 3048 795 3133 probabilitatis
819 3048 951 3112 calculos
967 3069 1015 3112 res
1032 3047 1199 3112 revocanda
1214 3054 1277 3124 est,
1296 3069 1370 3130 quo-

282 3160 365 3224 niam
395 3182 432 3224 ex
464 3159 671 3237 orationibus,
698 3183 775 3245 quae
798 3159 908 3244 Lysiae
932 3160 1123 3238 ferebantur,
1149 3159 1277 3223 dimidia
1300 3180 1370 3243 pars

283 3273 386 3357 spuria
416 3272 620 3351 indicabatur,
652 3272 781 3336 dimidia
803 3295 925 3357 quoque
950 3295 1018 3358 pars
1043 3296 1079 3336 ex
1102 3272 1165 3350 his,
1191 3295 1267 3356 quae
1291 3277 1371 3335 aeta-

281 3392 343 3447 tem
366 3383 520 3461 tulerunt,
546 3391 687 3468 suspecta
710 3406 774 3447 esse
798 3382 896 3447 debet.
943 3382 1039 3447 Nulla
1062 3384 1157 3467 igitur
1179 3382 1288 3468 religio
1311 3406 1369 3446 nos

280 3495 410 3560 retinere
434 3494 541 3572 debet,
566 3495 748 3580 quominus,
773 3495 799 3558 si
823 3494 956 3580 quaein
980 3505 1084 3559 nostra
1108 3495 1288 3559 collectione
1305 3495 1369 3557 sint

280 3606 406 3690 reliquis
430 3604 641 3690 postponenda
664 3612 694 3669 et
717 3613 852 3682 oratore,
878 3605 999 3690 qualem
1023 3629 1058 3669 ex
1081 3605 1264 3670 testimoniis
1289 3612 1369 3669 vete·

280 3742 351 3783 rum
373 3726 404 3782 et
427 3740 463 3781 ex
486 3716 663 3782 melioribus
687 3717 875 3781 orationibus
899 3717 1111 3802 cognovimus,
1136 3717 1264 3801 indigna
1288 3717 1369 3780 vide·

279 3837 387 3907 antur,
420 3853 438 3894 0
467 3810 563 3915 Lysia¹
588 3829 804 3894 abiudicemus.
851 3829 918 3893 Iam
950 3852 1019 3894 vero
1050 3829 1076 3892 si
1108 3829 1235 3907 accidit,
1267 3837 1303 3892 ut
1334 3829 1367 3892 in

278 3941 385 4005 multis
400 3943 617 4027 proprietatem
632 3941 841 4019 inveniamus,
859 3965 936 4025 quae
953 3965 970 4005 a
985 3941 1152 4019 tenuitate,
1169 3942 1368 4005 0010001011-

278 4052 346 4138 plar
361 4076 479 4138 semper
493 4053 618 4118 habitus
635 4061 681 4117 est
698 4053 816 4138 Lysias,
834 4061 900 4116 toto
917 4053 1000 4117 coelo
1017 4053 1120 4131 distet,
1139 4052 1224 4137 quid,
1242 4075 1365 4136 quaeso,

277 4164 374 4249 magis
405 4164 562 4249 probabile
586 4170 648 4242 est,
674 4188 768 4249 quarn
791 4164 879 4229 nobis
903 4165 1015 4243 illudi,
1041 4171 1072 4229 et
1094 4163 1208 4229 nubem
1230 4187 1286 4228 nos
1311 4186 1365 4248 pro

278 4274 398 4340 Iunone
425 4275 586 4361 amplecti?
628 4275 737 4361 Lysiae
762 4278 915 4340 orationes
938 4277 993 4340 uni
1017 4275 1081 4340 MS.
1107 4277 1237 4360 pessimo
1261 4284 1292 4339 et
1316 4274 1366 4339 de·

273 4394 402 4470 vpravato
435 4387 598 4465 debemus3
631 4396 726 4452 scatet
749 4388 801 4453 ille
824 4388 928 4452 formis
953 4388 1103 4466 barbaris,
1128 4387 1363 4464 omissionibus,
