2850 5024
609 363 670 427 161

164 563 181 645 b
205 565 234 625 2.
281 560 409 631 εἰπόντος
442 559 471 623 δὲ
501 560 602 623 τούτου
634 558 676 623 ότι
711 557 881 629 Πλαταιεὺς
905 553 964 631 είη,
990 556 1094 634 ἠρόμην
1114 555 1212 620 ὁπόθεν

119 671 317 745 δημοτεύοιτο,
350 670 578 748 παραινέσαντός
607 691 680 738 τινος
712 674 767 731 τῶν
791 666 938 742 παρόντων
961 682 1083 745 προεκαν
1092 665 1212 729 ἕσασθαι

120 780 169 842 καί
193 780 261 860 πρὸς
284 782 336 854 την
358 781 475 859 Φυλήν,
500 775 605 853 ἧρτινος
628 773 700 840 εἶναι
724 777 893 851 σκήπτοιτο.
941 774 1101 838 Postrema
1123 773 1214 837 verba

120 913 235 969 παραιν.
259 927 305 936 -
326 913 436 961 οκηπτ.
468 887 522 951 illo
554 887 621 950 loco
653 885 801 970 languida
830 893 919 961 suut,
945 891 1068 968 etpost
1092 885 1212 948 brevem

120 998 204 1061 illam
228 998 412 1061 sententiam
435 997 552 1079 (ἠρόμην
575 998 623 1061 όπ.
648 997 730 1079 δηρο.)
754 995 844 1066 nimis
872 994 1031 1079 producta.
1068 992 1134 1056 Nec
1151 1014 1213 1076 quo

121 1107 244 1170 vinculo
276 1107 349 1170 hacc
380 1127 449 1170 cum
483 1106 690 1190 superioribus
724 1106 893 1189 iungantur
924 1104 1120 1168 manifestum
1150 1111 1212 1181 est3

122 1217 242 1280 etiamsi
279 1216 318 1279 ad
358 1216 493 1280 denotas
525 1220 648 1278 tantum
679 1224 733 1277 aut
764 1213 849 1277 aliud
884 1213 1014 1297 quodvis
1047 1212 1213 1287 iudicium,

123 1348 184 1389 non
217 1326 311 1390 simul
341 1326 379 1389 ad
412 1326 527 1388 tribum
559 1347 623 1388 rem
654 1324 813 1388 delaturus
846 1333 944 1401 esset,
977 1334 1080 1386 tamen
1103 1344 1216 1386 nomen

124 1434 205 1498 demi
229 1437 319 1499 sciret
342 1457 465 1499 necesse
490 1444 574 1512 erat3
598 1435 696 1499 nihilo
721 1437 823 1498 minus
848 1434 939 1513 dicit,
964 1457 995 1496 se
1020 1433 1103 1517 quod
1128 1437 1216 1496 etiam

124 1543 252 1607 tribules
279 1546 338 1627 (καί
363 1545 430 1624 πρὸς
455 1547 506 1618 τὴν
529 1546 638 1630 Φυλήν)
664 1545 805 1608 aditurus
829 1554 927 1620 essct,
952 1543 1075 1607 demum
1101 1540 1217 1625 quaesi-

127 1654 214 1716 visse.
262 1653 372 1736 Neque
404 1661 506 1717 tamen
537 1654 611 1717 haec
635 1654 690 1735 (sic
714 1654 827 1736 scripte
850 1653 1041 1729 δημοτεύοιτο,
1087 1662 1163 1726 Παρ.
1188 1650 1217 1712 δέ

127 1786 200 1833 τινος
223 1799 269 1809 -
292 1770 358 1823 tum
383 1763 479 1834 ἐπειδὴ
502 1763 602 1842 απεκρ.
627 1762 740 1824 omisso
764 1762 805 1844 δέ)
829 1782 900 1825 cum
924 1760 1124 1843 sequentibus
1146 1768 1217 1844 apte

128 1869 354 1946 cohaerebunt,
387 1877 422 1932 ut
453 1870 567 1946 cuivis,
601 1871 692 1933 etiam
725 1869 854 1932 strictim
878 1870 1104 1945 consideranti,
1129 1891 1218 1953 appa·

128 1979 217 2042 rabit.
264 1977 344 2041 Sunt
367 1985 470 2041 autem
494 1978 585 2042 haec:

172 2087 270 2161 ἐπειδη
301 2088 325 2150 δ’
347 2088 521 2165 οὶπεκρίνατο
544 2086 587 2151 ότι
611 2088 812 2164 Δεκελειόθεν,
837 2088 1107 2163 προςκαλετοίροενος
1131 2087 1219 2151 αθτδν

127 2196 176 2258 καί
202 2196 270 2275 πρὸς
294 2196 359 2266 τοὺς
383 2206 420 2276 τῇ
443 2197 634 2260 Ἱπποθωντίδι
659 2195 845 2276 δικοίζοντοις,
871 2196 956 2259 ε’λθόιν
980 2194 1028 2259 ε’πί
1049 2198 1083 2258 τὸ
1101 2203 1221 2274 κουρεῖον

127 2305 161 2368 τὸ
184 2306 266 2385 παρα
290 2304 355 2375 τοὺς
379 2306 507 2386 Ἑρριοῖς,
529 2303 561 2367 ib'
581 2307 604 2368 οἱ
625 2311 763 2374 Δεκελεῖς
785 2310 1005 2385 προςΦοιτῶοιν,
1026 2304 1153 2383 ἠρώτων,
1174 2301 1221 2376 οὕς

126 2415 155 2476 τ’
179 2412 366 2493 ἐξευρίσκοιμι
391 2413 540 2478 Δεκελέων
564 2412 761 2488 ἐπυνθανόμην
784 2412 811 2476 εί
832 2436 899 2475 τινα
922 2412 1106 2487 γιγνώσκοιεν
1131 2424 1222 2478 Δεκε-

128 2523 234 2586 λειόθεν
255 2521 478 2597 δημοτευόμενον
503 2523 700 2598 Παγκλθωνα.
747 2521 786 2584 In
810 2544 874 2605 qua
891 2523 1043 2586 sententia
1059 2523 1222 2606 repetitum

131 2631 192 2693 fere
219 2629 303 2693 vides
331 2629 410 2692 illud
446 2629 484 2692 de
508 2629 690 2707 tribulibus,
720 2652 852 2714 quorum
880 2631 1030 2695 iudicium
1058 2632 1108 2694 vix
1136 2630 1221 2695 aliud

133 2761 198 2801 csse
228 2740 331 2823 potuit
363 2759 455 2821 quam
486 2738 706 2816 diaetetarum3
731 2740 874 2804 tributim
898 2742 1036 2804 enimin
1059 2740 1147 2804 nullo
1171 2742 1224 2804 tri·

134 2849 239 2913 bunali
264 2871 353 2932 quam
379 2849 562 2913 arbitrorum
588 2851 637 2912 ius
665 2849 783 2913 dictum
812 2872 876 2913 esse
897 2852 1048 2914 novimus.
1084 2849 1131 2912 Of.
1149 2848 1225 2913 Her·

134 2981 235 3022 mann.
267 2959 396 3041 Antiqu.
426 2959 443 3041 b
472 2959 545 3020 145.
579 2960 629 3019 16.
667 2957 828 3021 Arbitrum
851 2959 948 3042 igitur
972 2958 1137 3022 educturus
1162 2968 1226 3022 erat

134 3068 172 3131 de
204 3067 309 3130 eadem
342 3067 394 3129 illa
426 3089 533 3145 causa,
559 3089 651 3150 quam
674 3074 763 3130 antea
786 3068 825 3131 ad
849 3067 1083 3132 Polemarchum
1109 3067 1226 3131 deferre

135 3178 346 3242 constituerat.
394 3174 474 3238 Nam
497 3182 535 3238 ut
559 3175 692 3260 primum
713 3185 819 3259 postea
838 3179 996 3261 cognoscit
1013 3177 1087 3239 alios
1104 3197 1226 3260 quoque

134 3308 198 3349 rem
232 3306 302 3348 cum
336 3282 508 3347 Pancleone
543 3283 688 3347 habuisse
722 3285 844 3348 infore
869 3285 1079 3363 Polemarobi,
1111 3285 1226 3347 omittit

135 3394 297 3459 consilium
323 3391 506 3456 instituendi
527 3393 678 3456 actionem
699 3394 781 3477 apud
801 3394 931 3458 tribules
952 3397 979 3479 (b
997 3398 1037 3479 5).
1075 3394 1119 3487 dit
1138 3416 1228 3478 quae·

136 3506 266 3568 ationem
298 3503 335 3566 de
367 3502 548 3566 Pancleonis
581 3504 722 3577 civitate,
755 3504 817 3568 sive
840 3508 961 3586 γραφην
983 3503 1079 3580 ξενίας
1102 3527 1165 3569 non
1188 3505 1227 3569 ad

135 3612 264 3678 tribules
295 3611 411 3676 deferre
443 3612 564 3696 potuit;
596 3610 650 3674 illa
678 3613 759 3675 enim
783 3613 958 3695 pertinebat
981 3613 1020 3676 ad
1043 3606 1228 3677 iurisdictio·

136 3745 206 3786 nem
230 3722 516 3786 thesmothetarnm.
552 3719 599 3784 Of.
621 3719 727 3784 Meier.
751 3721 788 3784 dc
809 3721 897 3786 bonis
917 3721 1019 3786 damn.
1040 3746 1069 3807 p.
1089 3728 1141 3800 94,
1160 3746 1227 3808 sqq.

137 3834 203 3894 Att.
235 3831 321 3896 Proc.
353 3854 384 3915 p.
417 3832 498 3908 348,
531 3852 597 3914 sqq.
645 3830 715 3894 Duo
749 3854 785 3895 ex
817 3831 865 3894 his
897 3839 1064 3915 apparent,
1096 3833 1228 3917 primum

137 3940 407 4018 προςναλεοοίμενος
429 3961 492 4003 non
516 3961 582 4002 esse
606 3947 730 4023 aptum,
756 3939 808 4003 sed
833 3941 947 4022 requiri
970 3940 1110 4004 futurum
1134 3965 1230 4021 προς·

137 4049 366 4127 καλούμενος
398 4049 465 4130 (pro
495 4068 556 4129 quo
584 4046 702 4111 librarii
726 4049 892 4132 scripsisse·
906 4049 1049 4113 videntur
1072 4066 1229 4129 προεκαλε-

138 4157 273 4234 τόροενος,
303 4155 385 4218 unde
410 4153 586 4238 depravatio
610 4160 709 4238 nata);
736 4163 890 4240 οπόορυονι
914 4158 1065 4221 actionem
1081 4166 1229 4242 tanquam

138 4268 169 4330 in
203 4267 298 4329 civem
330 4263 412 4349 apud
444 4263 559 4328 tribum
589 4265 783 4345 institueret,
808 4274 891 4331 certo
915 4268 990 4331 scire
1014 4267 1128 4344 voluit,
1153 4291 1228 4332 num

1071 4382 1110 4439 11
