2850 5024
678 389 740 449 148

161 586 211 650 Ad
239 586 297 649 hoc
321 576 444 669 quo‘que
466 582 614 647 iudicium
638 584 770 667 pertinet
792 586 809 668 d
834 587 892 648 11:
917 583 945 649 ἔν
972 610 1010 662 γε
1033 592 1100 658 ταῖς
1124 587 1256 668 πρότερον

159 695 348 775 κατηγορίαις
378 693 418 759 τοί
448 718 482 758 τε
512 694 597 758 ἄλλα
628 695 721 773 ψευδῆ
750 697 956 774 κατηγόρου-αν
983 704 1034 762 τοῦ
1057 696 1185 778 πατρίς,
1206 698 1256 762 καί

160 814 320 884 συγγενῆ
356 806 528 884 Φρύνιχον
562 807 672 869 αὐτοῦ
707 800 798 869 εἶναι
833 805 990 889 ἔφασαν.
1038 805 1155 870 Contra
1177 828 1256 890 quae

159 917 305 1000 leguntur
334 917 351 999 d
380 916 420 976 22
453 913 492 976 ad
523 914 652 996 primam
683 916 907 979 accusationem
936 917 1090 1000 pertinere
1113 924 1255 1001 possunt.

162 1026 244 1089 Huic
272 1024 387 1087 iudicio
419 1023 573 1106 quomodo
600 1023 674 1102 filii,
707 1025 761 1108 qui
790 1025 828 1088 iis
852 1026 1043 1110 temporibus
1066 1049 1106 1090 ne
1129 1026 1257 1090 aderant

162 1135 285 1219 quidem
315 1133 363 1216 (cf.
387 1135 404 1217 d
426 1135 477 1218 4),
509 1132 660 1217 implicari
690 1134 848 1218 potuerint
882 1138 910 1220 (d
942 1139 1013 1218 18),
1045 1158 1134 1200 nemo
1166 1136 1256 1200 facile

162 1246 283 1309 dixerit.
327 1246 392 1307 Aut
414 1243 506 1307 verba
528 1251 673 1328 corrupta
697 1252 770 1308 sunt
793 1245 905 1328 (ἔρημον
921 1246 980 1326 γαρ
1000 1247 1089 1311 αὐτὸν
1108 1247 1257 1325 λαβόντες

161 1357 277 1438 φίλων
296 1353 394 1419 τεκαὶ
411 1354 565 1434 παίδων,
585 1359 813 1432 κατηγοροῦντες
836 1349 911 1418 εἷλον
934 1355 982 1417 vel
1002 1356 1068 1420 siin.
1090 1355 1178 1440 quid)
1203 1364 1257 1419 aut

161 1466 251 1551 plura
266 1465 357 1528 etiam
377 1462 414 1526 ab
431 1461 656 1526 accusatoribus
673 1462 809 1545 pericula
823 1462 997 1547 Polystrato
1014 1465 1175 1530 subeunda
1190 1467 1257 1529 fue-

161 1583 251 1650 runt,
277 1581 331 1636 aut
353 1574 551 1656 impostorem
574 1570 649 1634 haec
673 1579 808 1656 arguunt
831 1572 1070 1659 halucinantem.

206 1687 348 1769 Denique
379 1683 417 1747 ad
447 1689 637 1766 praesentem
668 1684 730 1745 sive
762 1684 884 1747 tertiam
915 1707 1057 1762 causam,
1082 1707 1175 1770 quam
1199 1707 1256 1769 pro

162 1803 246 1880 patre
269 1794 443 1879 Polystrato
467 1801 534 1856 orat
557 1792 655 1870 filius,
682 1794 736 1877 qui
759 1815 795 1856 ex
819 1795 919 1859 tribus
937 1804 1036 1859 aetate
1051 1795 1172 1860 medius
1188 1804 1256 1875 est,

163 1906 314 1991 pertinent
336 1907 353 1989 d
377 1907 413 1967 2:
438 1908 628 1983 κατηγοροῦσι
652 1902 678 1965 δ’
701 1906 789 1967 αὐτοῦ
815 1906 852 1974 ὠς
875 1907 926 1969 οὐκ
950 1906 1045 1977 εὔνους
1069 1903 1101 1981 ἦν
1121 1911 1162 1987 τῷ
1178 1910 1256 1982 naal-

162 2020 201 2082 tn
224 2018 264 2097 τῷ
285 2016 420 2095 ὑμετέρῳ.
459 2016 476 2098 d
500 2016 536 2077 5:
561 2014 610 2078 καί
634 2015 670 2084 ὥς
695 2015 810 2085 πολλὰς
833 2015 931 2094 αρχίις
952 2012 1033 2096 ἦρξεν
1055 2015 1189 2099 (ἐπὶτῶν
1209 2043 1258 2081 τε·

164 2126 341 2208 τραιιοοίοιν).
380 2125 397 2207 d
422 2126 458 2188 7:
483 2123 602 2201 γνώμην
624 2124 760 2200 οὐδεμίαν
782 2121 847 2189 εἷπε
870 2127 933 2205 περί
957 2133 1007 2191 τοῦ
1028 2128 1164 2207 ὑμετέρου
1184 2130 1260 2200 πλή-

163 2238 224 2308 ίους
247 2238 287 2318 (ἐν
314 2242 373 2306 τοῖς
400 2234 613 2317 τετρακοσίοις).
652 2236 669 2318 d
694 2237 729 2296 8:
754 2236 867 2306 ἐκείνοις
894 2239 944 2299 οὐκ
967 2238 1168 2317 ἀπηχθάνετο.
1205 2237 1258 2300 Ad

162 2345 352 2422 καταλογέοις
375 2366 489 2407 munus
513 2343 668 2427 pertinent
691 2342 783 2406 verba
807 2366 886 2428 quae
910 2345 1058 2429 leguntur
1077 2349 1094 2430 p
1113 2350 1168 2410 13:
1190 2349 1258 2411 καί·

161 2480 204 2521 τοι
233 2459 291 2535 οὐχ
321 2449 346 2518 οἳ
375 2454 412 2518 ίιν
442 2454 558 2524 πλείους
590 2454 715 2524 πολίτας
745 2459 873 2532 ποιῶσιν,
904 2452 978 2519 οὗτοι
1002 2457 1183 2520 καταλύουσι
1208 2458 1258 2522 τὸν

162 2566 267 2644 δῆμον,
291 2563 364 2629 αλλ’
387 2557 412 2628 οἳ
426 2561 462 2626 aa
479 2564 510 2625 ἑιι
527 2561 661 2625 πλειόνων
677 2563 829 2634 ἐλοίττουο.
861 2563 984 2627 Scilicet
1000 2567 1145 2630 maiorem
1163 2588 1258 2649 quam

163 2676 293 2742 debebat
329 2696 491 2738 numerum
528 2673 643 2736 civium
671 2683 824 2738 creaverat
854 2674 1057 2758 Polystratus.
1105 2677 1152 2740 De
1184 2678 1258 2742 filiis

163 2788 238 2851 haec
260 2787 406 2870 leguntur
429 2787 520 2869 §192
546 2788 615 2860 ἡμῖν
638 2783 663 2847 δ’
686 2787 717 2848 οὐ
741 2785 845 2848 δώσετε
872 2789 952 2860 ἡμᾶς
977 2787 1082 2858 αὐτοὺς
1105 2788 1258 2864 ἐπιτίμους

163 2898 230 2974 ὑμῖν
253 2897 397 2973 γενέσθαι.
443 2896 542 2979 §322
575 2893 638 2973 περί
664 2898 743 2971 ἡμῶν
766 2895 824 2973 γοίρ
849 2897 909 2960 ἐστι
935 2902 1035 2977 ψῆφος
1063 2898 1129 2974 ὑμῖν
1152 2898 1202 2961 καί
1227 2903 1259 2963 οὐ

163 3005 225 3086 περί
248 3005 427 3085 χρημάτων,
451 3004 471 3066 i.
497 3026 522 3066 e.
548 3025 643 3087 quum
665 3003 745 3066 nihil
761 3003 823 3068 fere
840 3005 1023 3083 habeamus,
1041 3008 1160 3070 etiamsi
1176 3007 1260 3072 bona

163 3127 268 3181 nostra
295 3114 540 3198 publicaveritis,
564 3113 688 3177 nullum
711 3114 832 3178 luorum
856 3117 1043 3200 percipietis.
1087 3121 1104 3202 p
1128 3122 1189 3182 35:
1215 3123 1259 3198 pb

164 3232 243 3305 ἡμᾶς
266 3226 330 3289 οίντί
354 3227 407 3302 μὲν
431 3224 571 3300 ε’πιτίμοιν
594 3226 716 3298 οίτίμους
737 3228 892 3302 ποιήσητε,
913 3228 978 3292 avet
1000 3229 1030 3292 δὲ
1046 3234 1169 3293 πολιτῶν
1185 3229 1260 3294 dard·

163 3339 256 3409 λιδας.
302 3335 385 3418 Ergo
408 3341 534 3418 apparet
557 3335 637 3418 patri
659 3336 783 3413 οίτιμίαν
798 3337 989 3402 imminuisse
1006 3339 1169 3402 maximam
1186 3360 1258 3404 oum

163 3448 315 3512 bonorum
346 3442 571 3528 publicatione,
603 3444 693 3506 cuius
721 3445 812 3509 etiam
836 3447 1000 3531 participes
1024 3456 1124 3512 essent
1147 3449 1203 3512 filii
1228 3457 1259 3514 et

165 3580 243 3642 quae
273 3556 362 3620 facile
393 3554 499 3618 exsilio
527 3561 631 3638 posset
654 3557 831 3639 comparari.
878 3556 920 3619 Et
943 3579 979 3620 ex
1004 3558 1102 3622 verbis
1125 3534 1261 3624 baratt-

164 3692 223 3732 ουσι
252 3666 299 3731 τὸν
323 3666 410 3742 δῆμον
437 3665 454 3748 ᾧ
479 3666 518 3726 13
544 3663 654 3726 efficias
682 3671 802 3747 γραφήν
825 3666 919 3731 luisse
943 3666 1032 3744 δήμου
1052 3669 1256 3740 καταλύσεως.

165 3775 328 3856 Quomodo
352 3781 455 3838 autem
478 3773 606 3837 tertium
629 3773 688 3836 hoc
711 3773 862 3838 iudicium
885 3775 980 3839 fuerit
1004 3800 1021 3839 a
1042 3778 1198 3862 superiore
1214 3777 1260 3840 di·

164 3909 284 3951 versum
312 3886 437 3950 minime
469 3889 603 3967 apparet.
650 3885 754 3967 Atque
784 3884 858 3948 haec
882 3908 965 3949 nunc
988 3908 1057 3950 cum
1082 3886 1258 3971 pulvisculo

165 4005 252 4062 erute
275 4004 347 4061 sunt
371 4002 402 4059 et
424 3994 579 4071 ordinata,
603 3994 635 4056 in
659 3995 797 4057 oratione
821 3996 888 4080 ipsa
911 3998 1013 4061 omnia
1028 4020 1142 4081 susque
1158 3997 1258 4082 deque

164 4109 314 4194 permixta
345 4114 375 4170 et
406 4105 529 4170 turbata
561 4112 643 4167 sunt.
690 4100 825 4188 Magnus
855 4108 932 4171 mihi
964 4107 1022 4171 erit
1045 4107 1176 4192 Apollo,
1202 4108 1258 4192 qui

165 4227 280 4283 statum
303 4239 412 4283 causae
433 4217 478 4279 sic
503 4214 626 4291 efficiat,
652 4221 688 4279 ut
709 4214 862 4281 dubitatio
877 4217 959 4281 iusta
975 4240 1037 4282 nou
1052 4217 1256 4301 relinquatur.

165 4327 288 4391 Scilicet
311 4334 347 4390 ut
370 4325 565 4389 difficultates
589 4323 675 4387 furca
699 4324 832 4409 expellas
856 4334 959 4391 tamen
983 4350 1082 4412 usque
1097 4335 1257 4389 recurrent
