2850 5024
638 426 699 488 115

129 626 248 690 stimem
272 625 429 690 aoristum.
466 624 581 689 Verum
606 633 652 689 est
675 649 764 703 sane,
789 625 821 690 id
844 627 927 710 quod
952 627 1072 712 saepius
1096 627 1211 690 dictum

130 738 188 815 sit,
212 737 387 803 habendum
412 760 475 800 esse
499 759 554 822 pro
578 760 639 801 uon
663 737 762 815 dicto,
788 738 814 800 si
837 759 907 801 cum
923 739 1064 822 analogia
1079 745 1212 822 pugnet,

129 847 182 911 scd
213 849 369 935 ingenium
402 849 525 933 linguae
550 847 628 912 nihil
650 847 741 934 plane
764 854 932 934 repugnat,
957 849 1058 926 μέλλω
1082 856 1128 911 est
1152 871 1214 911 ver·

128 959 202 1024 bum
222 961 354 1041 ἐφεπικίν
377 983 439 1024 non
462 961 563 1024 minus
591 983 683 1046 quam
709 959 854 1038 βούλομκι
878 968 909 1024 et
931 961 1035 1038 ἐθέλω,
1059 959 1213 1044 habetque

129 1071 276 1134 norisium
307 1095 368 1136 non
400 1081 546 1158 tauquam
578 1080 699 1156 tempus
730 1072 944 1157 praeteritum,
978 1073 1031 1137 sed
1054 1072 1136 1156 quod
1160 1071 1214 1135 illa

127 1180 224 1244 forma
248 1181 396 1247 actionem
421 1205 508 1267 saepe
534 1190 587 1246 aut
608 1189 720 1247 statum
741 1183 805 1246 sine
822 1185 966 1267 temporis
982 1184 1106 1248 notione
1123 1184 1213 1268 signi-

127 1293 217 1370 ficac3
250 1301 286 1357 ut
319 1294 370 1358 hle
396 1295 516 1379 potina,
550 1295 576 1358 si
610 1317 677 1358 raro
711 1294 864 1379 legeretur
898 1296 1045 1372 aoristus,
1084 1295 1212 1359 alterum

127 1401 206 1466 illud
236 1404 496 1488 Hermannianum
527 1406 625 1470 valere
660 1405 799 1470 deberet:
832 1406 924 1469 semel
956 1406 1072 1470 dictum
1103 1406 1215 1469 haben·

127 1512 201 1578 dum
226 1524 272 1579 est
292 1538 347 1601 pro
371 1517 490 1600 saepius
514 1516 614 1595 dicto,
634 1517 665 1580 'si
689 1518 767 1580 ratio
791 1517 903 1580 evincit
926 1517 987 1580 dici
1010 1517 1155 1601 potuisse.

173 1627 190 1709 ᾧ
215 1628 265 1689 11.
312 1626 362 1691 cxl
393 1627 457 1707 aspi
486 1624 522 1692 ὧν
550 1629 574 1692 οἱ
603 1627 679 1706 νίμοι
708 1628 850 1710 διωῤῥιίδκν
880 1627 947 1693 οὔτε
970 1629 1133 1706 στρατηγὸν
1155 1629 1213 1693 οὔθ’

126 1733 277 1818 ίπποιρχον
307 1739 367 1804 οὔτ’
400 1736 490 1805 ἄλλον
525 1738 622 1805 οὐδένκ
658 1741 817 1820 κυριώτερον
849 1741 958 1804 ἐκείνων
988 1740 1211 1808 ἀποδεικνύουσι.

127 1848 167 1912 In
197 1850 306 1914 ἐκείνων
336 1851 374 1914 ad
404 1851 486 1936 leges
518 1852 713 1936 (subiectum)
745 1853 840 1916 relato
872 1876 934 1917 non
957 1854 1054 1937 magis
1078 1861 1123 1916 est
1145 1852 1215 1916 hae·

128 1961 256 2025 rendum
288 1984 378 2045 quam
408 1963 439 2025 iu
471 1959 551 2034 οὗτος
583 1963 703 2049 saepius
733 1986 786 2048 pro
815 1964 956 2028 reflexivo
986 1965 1102 2048 posito,
1127 1965 1214 2027 ouius

126 2072 172 2136 rei
198 2074 335 2157 exempla
359 2096 450 2158 supra
473 2073 574 2137 attuli.
621 2073 668 2137 Of.
698 2075 788 2138 etiam
813 2077 865 2139 21.
894 2079 948 2152 12,
974 2083 1004 2139 et
1027 2075 1105 2139 Xeu.
1130 2074 1213 2138 Hell.

126 2182 152 2246 I.
181 2186 210 2247 6.
238 2186 279 2246 14
302 2189 352 2250 οὐκ
374 2185 454 2269 (add.
480 2184 527 2269 dv)
550 2185 608 2268 ἔφη
631 2186 735 2250 ἐοινποῦ
754 2185 786 2264 γ’
803 2183 942 2266 ν’ίρχονπος
958 2185 1057 2251 οὐδὲνκ
1068 2187 1214 2261 Ἑλλήνων

125 2297 166 2366 είς
181 2296 223 2360 πὸ
247 2297 381 2360 ἐκείνου
405 2296 521 2362 δννοοπὸν
544 2297 806 2386 οένδοωποέιοίῆνκι.

171 2406 219 2469 Ex
250 2405 339 2470 dictis
370 2413 495 2491 apparet
525 2406 557 2470 in
585 2414 764 2491 argumento
795 2407 941 2471 orationis
964 2406 1043 2470 nihil
1071 2429 1134 2470 esse
1159 2429 1214 2470 cur

125 2491 235 2603 Lysiae
267 2516 474 2595 abiudicetur}
505 2517 538 2580 iu
569 2516 668 2581 verbis
695 2522 796 2581 tamen
820 2524 850 2581 et
874 2525 1028 2603 structura
1052 2517 1213 2582 senteutia-

124 2652 195 2693 rum
219 2638 289 2694 sunt
314 2652 408 2713 quae,
432 2628 610 2714 praesertim
634 2628 665 2693 in
689 2635 752 2692 tam
775 2629 858 2692 brevi
882 2629 1017 2693 oratione
1041 2629 1211 2706 cumulata,

126 2740 255 2805 dubium
285 2741 415 2805 reddant
446 2748 609 2806 auctorem.
647 2743 691 2805 Ac
722 2741 810 2804 facile
839 2737 905 2805 fieri
937 2748 1054 2825 potest,
1080 2749 1116 2805 ut
1138 2741 1213 2804 haec

125 2853 339 2931 oratiuncula,
364 2854 421 2917 etsi
444 2876 505 2917 nou
530 2877 547 2917 a
568 2853 661 2938 Lysia
685 2853 814 2937 scripta,
831 2860 933 2917 tamen
953 2854 1035 2939 quod
1055 2854 1088 2916 in
1108 2853 1212 2916 eadem

127 2985 218 3028 causa
242 2965 325 3028 dicta
348 2965 403 3043 sit,
436 2972 560 3051 propter
583 2965 754 3050 argumenti
778 2964 1009 3028 similitudinem
1033 2988 1103 3029 oum
1126 2988 1213 3050 supe·

125 3075 205 3140 riore
228 3077 340 3141 iniuria
364 3077 443 3140 inter
462 3076 604 3162 Lysiacas
624 3077 719 3141 relata
738 3078 787 3140 sit.
836 3079 900 3140 Aut
926 3077 984 3142 hoo
1011 3078 1125 3142 factum
1150 3087 1210 3157 est,

126 3195 182 3250 aut
204 3189 396 3252 oratiuncula
423 3212 459 3252 ex
482 3188 611 3274 Lysiaca
633 3188 764 3274 quadam
785 3211 802 3250 a
821 3189 988 3253 recentiore
1004 3188 1137 3274 quodam
1153 3190 1213 3274 epi·

125 3306 275 3362 tomatore
305 3285 553 3379 ποοροιπεποίκποιι.
599 3298 680 3363 Nam
711 3305 812 3363 vetera
839 3300 988 3384 quaedam
1014 3309 1045 3364 et
1067 3301 1147 3364 boua
1169 3301 1214 3364 iu·

127 3417 217 3487 sunt,
249 3411 442 3494 potissimum
472 3412 550 3474 ratio
583 3410 815 3496 argumentandi
843 3417 873 3474 et
896 3412 1005 3475 notitia
1029 3412 1212 3476 iudiciorum

126 3522 154 3606 (q
185 3524 221 3599 3,
254 3524 331 3606 sq),
372 3545 448 3607 quae
487 3522 611 3586 meliora
646 3529 738 3599 suut,
771 3544 860 3606 quam
893 3545 910 3584 a
940 3523 1059 3585 novicio
1093 3522 1212 3586 rhetore

126 3640 291 3719 exspectes.
339 3632 419 3697 Tum
443 3657 520 3718 quae
544 3633 690 3698 dicuntur
713 3634 750 3697 de
774 3634 874 3696 animo
898 3655 1003 3696 eorum
1026 3633 1080 3718 qni
1099 3633 1212 3696 iudicio

124 3752 287 3831 praesunt,
308 3768 370 3808 non
390 3767 460 3808 cum
479 3745 550 3809 ficta
570 3767 660 3808 causa
684 3745 880 3809 conveniunt.

236 3985 301 4031 XVI·
331 3993 367 4030 EN
387 3993 491 4030 Boram
512 3992 676 4030 ΜΑΝΤΙΘΕΩῘ
697 3991 940 4029 ΔΟΚΙΜΑΖΟΜΕΝΩΙ
961 3991 1110 4029 ΑΠΟΛΟΓΙΑ.

172 4191 189 4272 ᾧ
212 4192 241 4250 3.
289 4186 428 4271 Speciose
453 4186 728 4250 Rauohensteiuius
752 4185 865 4250 Philol.
886 4185 978 4249 XIII.
1003 4209 1032 4270 p.
1049 4188 1130 4263 213,
1146 4207 1211 4270 sqq.

127 4298 288 4376 ἐπεδήμουν
312 4321 347 4361 ex
370 4301 386 4381 p
411 4301 429 4360 3
455 4304 621 4375 remotum,
648 4297 760 4360 omisso
784 4297 844 4361 οὔτ’
865 4297 1007 4361 transfert·
1022 4296 1060 4360 ad
1076 4299 1092 4382 ᾧ
1108 4301 1128 4359 4
1145 4305 1214 4382 post

127 4410 287 4481 πολιτείοις.

1059 4523 1095 4578 8*
