2850 5024
685 361 728 425 54

162 569 262 627 essent
293 560 480 639 efficaciora3
507 585 578 627 nam
605 561 660 628 'illa
682 563 745 643 περὶ
768 567 825 629 τῶν
847 562 1004 640 ἀλλοτρίων
1027 561 1256 644 ὁμαριινρραοίτων

161 672 251 758 plane
275 680 349 737 sunt
371 695 605 759 supervacanea.
652 672 757 739 Simile
780 677 866 760 esto
891 678 906 741 7
933 674 1032 755 ἑτέρων
1051 674 1255 756 ἐκκοψάντων,

161 787 194 850 iu
217 806 278 870 quo
302 785 401 851 haesit
418 785 625 855 Helbertsma.
660 785 727 853 [mo
743 795 809 851 tota
824 786 880 852 illa
894 785 1115 860 demonstratio
1131 787 1148 870 δ
1166 786 1255 849 6,-8

162 897 286 961 minime
310 903 375 961 erat
397 896 583 975 neccssaria,
609 920 706 985 quum
724 890 881 963 'constaret
898 905 1072 972 accusatum
1095 919 1204 985 agrum
1221 895 1256 961 in

162 1009 243 1075 hello
274 1030 337 1073 uon
367 1007 547 1092 possedisse.
595 1009 642 1077 Dc
664 1009 763 1075 verbis
786 1013 817 1077 οὐ
841 1010 901 1089 γὰρ
924 1004 978 1077 cido
1000 1034 1033 1075 τε
1043 1007 1097 1084 ,ἃ
1121 1007 1256 1089 πρότερον

162 1124 206 1201 μὴ
228 1115 278 1203 ἦν,
306 1124 407 1187 ταῦτα
430 1120 478 1183 τὸν
502 1117 615 1200 ὕστερον
636 1118 828 1203 ἐρριαζίριενον
850 1121 1003 1201 ἀφανίζειν
1028 1122 1057 1205 (d
1081 1121 1134 1205 11)
1162 1141 1257 1206 snpra

163 1231 314 1297 monitum
338 1238 401 1308 est3
426 1230 501 1295 talia
524 1239 612 1309 sunt,
637 1239 672 1296 ut
695 1253 734 1297 ne
756 1254 834 1318 puer
857 1230 982 1315 quidem
1004 1231 1080 1296 haec
1095 1229 1256 1299 docendus

163 1366 227 1407 esse
259 1341 408 1409 videatur.
456 1341 516 1406 Sed
545 1349 617 1426 apta
649 1351 722 1407 sunt
749 1343 862 1409 rationi
885 1341 1070 1411 defensionis
1094 1341 1258 1427 Lysiacae.

163 1452 282 1521 Callide
305 1460 460 1536 praetexta
483 1459 529 1521 est
552 1451 606 1523 ifle
631 1472 725 1536 paene
749 1452 876 1539 puerilis
892 1454 1072 1538 simplicitas
1087 1463 1118 1519 ct
1135 1460 1259 1520 acutam

165 1565 459 1656 argumentationem
489 1584 552 1629 uon
576 1562 721 1631 excludit
768 1563 857 1649 Stat
885 1567 920 1630 17
947 1564 1136 1638 demonstrat
1159 1564 1258 1629 stulte

165 1702 197 1745 se
228 1685 369 1744 acturum
400 1674 494 1739 fuisse
524 1682 669 1741 truncum
699 1674 905 1754 excidentem,
930 1675 1013 1763 quod
1036 1676 1143 1750 multis
1168 1685 1261 1743 antea

165 1788 295 1859 fundum
319 1785 480 1863 elocasset,
506 1785 560 1875 qui
582 1793 675 1851 testes
698 1793 800 1851 essent
822 1785 937 1865 futuri,
962 1786 1055 1853 fuisse
1079 1787 1153 1859 olim
1172 1797 1260 1853 trun·

164 1922 235 1965 cum
257 1898 341 1963 oleae
364 1897 397 1960 in
421 1918 513 1985 agro„
529 1905 559 1967 et
575 1919 705 1983 quorum
723 1898 887 1967 interesset
899 1897 1104 1976 demorstsam
1120 1923 1152 1964 se
1172 1907 1260 1967 trun·

166 2034 236 2077 oum
259 2007 495 2081 suceedentibus
515 2007 754 2079 conductoribus
770 2009 931 2078 tradidisse
940 2037 948 2088 ;
965 2033 1056 2085 nemo
1071 2034 1108 2075 ex
1124 2012 1163 2083 iis
1178 2011 1259 2083 falso
1277 2092 1281 2100 ¹

166 2123 305 2191 dicturus
329 2127 409 2197 erat,
432 2141 464 2182 se
488 2118 620 2195 fundum
642 2119 708 2189 sine
732 2127 841 2187 trunco
864 2123 1033 2211 accepisse,
1051 2124 1196 2208 quostiam
1213 2124 1259 2189 sic

166 2236 226 2301 sibi
255 2235 321 2321 ipse
354 2230 528 2317 periculum
556 2239 621 2297 eret
653 2240 824 2317 paraturus.
879 2233 1020 2301 Sectione
1062 2238 1100 2299 12
1134 2234 1259 2304 diccns²

167 2367 250 2419 nunc
273 2343 364 2415 velim
388 2341 492 2420 uobis,
517 2341 652 2421 iudices,
673 2344 805 2437 prudens
821 2345 935 2429 videri,
953 2345 1036 2435 quod
1052 2347 1131 2419 illud
1148 2369 1262 2419 causae

168 2456 331 2532 conducit,
364 2453 552 2523 demonstrat
575 2455 650 2541 ipsis
673 2455 735 2527 illis
758 2456 874 2535 verbis,
899 2480 1017 2526 senon
1040 2481 1105 2525 csse
1130 2457 1262 2533 badum

169 2589 226 2633 nec
257 2564 426 2652 stupidum.
472 2564 645 2645 Potuissas,
670 2566 773 2652 inquit
793 2569 811 2655 t
835 2570 897 2646 21„
923 2591 1066 2655 magnam
1089 2568 1147 2641 tibi
1171 2591 1263 2643 ame

170 2700 274 2764 parare
298 2676 472 2761 pecuniam,
498 2676 525 2738 si
548 2697 604 2761 ego
628 2683 690 2741 ta'm
713 2678 874 2742 manifesto
889 2702 1061 2766 peccassem
1068 2707 1077 2758 3
1093 2702 1158 2744 non
1178 2679 1263 2744 enim

170 2812 225 2875 ego
248 2809 454 2867 recusassem,
478 2786 531 2858 sed
554 2796 588 2855 te>
607 2788 739 2881 pecunia
761 2788 864 2857 oblata
886 2789 1062 2875 placassent„

213 2901 252 2965 In
280 2902 346 2986 ipsa
375 2921 468 2963 causa
498 2905 569 2984 post
599 2921 633 2962 ea
658 2921 735 2983 quae
762 2899 903 2964 Bromius
927 2908 958 2965 et
980 2900 1262 2966 Rauchensteinius

171 3019 375 3091 monuerunt,
406 3011 485 3076 nihi]
517 3011 640 3075 obscuri
669 3019 724 3075 est.
767 3011 954 3079 Addendum
985 3020 1108 3079 tantum
1137 3013 1264 3079 videtur
1305 3085 1306 3088 Ἴ

171 3123 411 3201 Nicomachum,
437 3123 491 3208 qui
513 3123 564 3186 hio
583 3129 741 3187 accusator
756 3132 802 3188 est
810 3173 819 3202 ,
836 3146 899 3188 non
915 3125 1102 3203 ancillam,
1119 3126 1152 3191 in
1168 3148 1263 3210 quem

172 3237 326 3302 tricesima
348 3236 461 3319 scripta
485 3242 530 3301 est
554 3236 668 3313 oratio;
692 3235 743 3313 hio
767 3236 848 3300 enim
869 3237 931 3301 iam
945 3237 1063 3322 aliquot
1084 3237 1172 3303 annis
1189 3244 1263 3302 ante

173 3348 300 3437 triginta
331 3347 410 3410 viros
441 3368 565 3411 munere
596 3347 720 3437 publico
744 3348 869 3411 functus
894 3355 974 3427 erat3
1000 3350 1109 3437 quiin
1133 3349 1265 3435 septima

173 3468 219 3524 est
241 3464 398 3522 accusator
420 3459 471 3521 οὐκ
492 3453 571 3539 εἶχεν
595 3459 708 3533 ἡλιαίαν
730 3458 833 3523 εἰδέναι
854 3459 916 3540 περί
940 3466 995 3525 τῶν
1018 3461 1149 3531 τοιούτων
1162 3462 1264 3546 (ow)

172 3572 192 3634 i.
226 3594 250 3636 e.
287 3569 325 3632 de
360 3569 397 3632 iis
427 3590 503 3653 quae
527 3566 661 3632 Suniade
692 3570 837 3634 archonte
865 3572 903 3652 (a.
925 3573 1003 3653 397)
1038 3571 1119 3635 facta
1156 3577 1262 3655 erant3
1350 3560 1354 3567 ¹

174 3683 212 3746 ci.
235 3683 252 3775 d
279 3683 329 3781 11.

216 3796 232 3881 d
259 3795 285 3855 1.
331 3787 418 3860 οὕτως
445 3791 662 3870 ιὶπροςδοκήτοιι
691 3791 798 3864 αἰτίαις
828 3792 878 3856 καί
909 3799 1035 3871 πονηροῖς
1058 3791 1261 3874 τοκοφιίνταις

173 3903 389 3982 περιπέπτωκα.
413 3900 592 3987 Legendum
605 3924 675 3967 cum
687 3904 823 3989 Angerio
835 3904 884 3968 καί
893 3911 1026 3983 πονηραῖς
1039 3904 1262 3985 συκοφαντίας.

217 4018 287 4101 13.
334 4013 389 4079 Καί
424 4012 468 4077 δεῖ
495 4037 534 4089 με
565 4013 628 4092 περί
657 4010 693 4077 ὧν
724 4011 803 4085 οὗτος
835 4014 1083 4093 ἐπιβεβουλευκὼς
1110 4012 1170 4091 ἥκει
1202 4012 1261 4090 ἅμ’

175 4133 241 4209 ὑμῖν
270 4135 328 4198 τοῖς
359 4126 593 4202 διαγνωσομένοις
623 4126 686 4204 περὶ
716 4133 766 4191 τοῦ
797 4126 976 4206 πράγματος
1007 4125 1176 4201 ακούσαντα
1208 4127 1260 4191 καῖ

174 4241 236 4321 περί
268 4247 320 4313 τῆς
351 4237 484 4316 πατρίδος
516 4236 565 4300 καί
595 4235 658 4318 περὶ
686 4246 738 4311 τῆς
769 4237 867 4308 οὐσίας
894 4236 1103 4315 ἀγωνίσασθαι.
1148 4235 1199 4300 Ita
1222 4259 1260 4305 ex

121 4387 123 4392 ·
175 4350 349 4416 coniectura
377 4346 493 4440 Sauppi
522 4351 580 4433 (ep.
606 4346 671 4411 crit.
697 4346 736 4412 ad
759 4346 797 4412 G.
822 4345 927 4414 Herm.
951 4370 981 4436 p.
1008 4349 1061 4435 12)
1084 4347 1187 4413 locum
1209 4347 1262 4415 de·
