2850 5024
691 287 752 346 181
821 322 823 327 ,

171 486 309 563 peratum
342 481 398 556 sit,
431 503 492 544 non
524 480 725 564 improbabile
755 485 810 542 est.
857 479 916 542 Sed
941 483 1100 564 quaeritur
1124 485 1178 564 qui
1202 485 1265 549 sint

169 589 193 651 οί
217 586 312 652 ἄλλοι.
361 588 502 653 Fortasse
526 589 721 653 scribendum
744 588 794 652 καί
821 588 887 658 τοὺς
910 589 1020 660 ἄλλους
1043 591 1064 652 ι’.
1088 614 1113 655 e.
1131 599 1159 656 et
1177 617 1264 677 prce-

170 703 261 761 terca.
309 699 432 762 Centies
464 698 547 783 apud
578 699 739 762 Platonem
768 698 811 760 sic
843 695 934 768 ἄλλος
957 707 1127 782 usurpatur
1150 710 1185 764 ut
1209 704 1264 766 ὑπδ

167 811 223 870 τῶν
254 813 377 871 πολιτῶν
407 807 456 871 καί
489 814 544 871 τῶν
575 807 675 872 ἄλλων
705 806 804 882 ξένων,
830 808 885 871 ὑπὸ
907 815 994 884 λιμοῦ
1018 809 1068 872 καί
1090 819 1143 883 τῆς
1165 809 1261 886 ἄλλης

167 914 289 997 ἄρνίας,
323 915 499 996 δημηγοριῶν
528 916 577 981 καί
605 922 661 980 τῶν
684 916 784 979 ἄλλων
806 917 905 996 ἄρχῶν
929 923 960 979 et
984 917 1062 993 alia,
1086 918 1261 1002 dequibus

167 1023 259 1086 multi
294 1031 438 1107 egerunt3
474 1026 628 1109 copiosius
663 1027 731 1088 Ast.
768 1025 807 1087 ad
838 1025 917 1088 Plat.
951 1025 1080 1089 Phaedr.
1115 1049 1145 1111 p.
1178 1032 1260 1107 241,

167 1130 275 1194 Stallb.
308 1132 347 1194 ad
377 1134 496 1198 Phileb.
528 1157 558 1218 p.
584 1137 636 1197 36.
666 1134 705 1196 D.
752 1133 813 1196 Sed
840 1134 932 1196 etiam
956 1142 1074 1218 praeter
1097 1134 1260 1200 Platonem

167 1239 220 1302 alii
243 1241 406 1325 scriptores
431 1249 461 1306 et
485 1250 592 1327 poetae
617 1243 700 1306 velut
715 1242 808 1326 Soph.
826 1241 865 1304 O.
878 1243 913 1305 T.
934 1245 962 1319 7,
979 1243 1055 1306 Eur.
1073 1243 1156 1307 Mod.
1175 1249 1259 1323 291,

166 1348 245 1412 Xen.
271 1349 331 1413 ΟΡ.
356 1352 417 1415 ΙΙΙ.
444 1356 473 1416 3.
500 1356 560 1430 34,
586 1356 616 1415 2.
644 1355 702 1429 18,
727 1352 764 1443 al.
805 1351 877 1435 Lys.
898 1355 926 1416 7.
945 1354 1004 1416 25:
1029 1352 1122 1433 ῶσπερ
1139 1353 1189 1416 καί
1205 1357 1259 1429 την

166 1457 366 1539 πατρίδακαὶ
389 1463 440 1535 την
464 1459 559 1536 ἄλλην
583 1463 681 1526 οὐσίαν
705 1470 735 1525 et
752 1450 818 1525 '322
842 1460 900 1526 οὔτ’
925 1462 961 1526 ἄν
985 1463 1048 1542 περὶ
1071 1470 1173 1545 φυγῆς
1197 1463 1257 1528 οὔτ’

166 1566 202 1631 ἄν
235 1566 298 1644 περὶ
327 1577 379 1642 τῆς
408 1568 504 1644 ἄλλης
534 1571 632 1642 οὐσίας
665 1570 853 1650 ἠγωνιζόμην.
889 1575 941 1634 26.
968 1575 1002 1634 9:
1028 1571 1046 1646 η’
1069 1597 1103 1636 τε
1126 1573 1260 1636 πολιτεία

166 1677 215 1740 καὶ
244 1678 278 1740 τὸ
301 1678 377 1742 ἄλλο
400 1682 506 1754 πλῆθος
529 1681 562 1744 τὸ
586 1679 720 1759 ὑμέτερον
743 1680 876 1760 σῶζεται.
917 1684 967 1743 15.
997 1684 1033 1744 1:
1057 1686 1113 1745 τῶν
1135 1705 1260 1761 στρατη-

165 1791 225 1861 γῶν
261 1785 377 1864 δέομαι,
409 1789 471 1852 ἐπεὶ
495 1788 543 1852 καὶ
568 1792 596 1852 ἐν
619 1799 656 1870 τῇ
679 1787 759 1869 ἄλλη
781 1792 862 1870 ἄρχῇ
886 1796 997 1854 πολλοῦ
1020 1788 1092 1866 ἄξιοι
1115 1798 1153 1870 τῇ
1175 1789 1258 1854 πίλει

165 1894 325 1976 γεγόνασι,
357 1896 407 1959 καί
444 1897 507 1977 περ)
536 1903 591 1962 τῶν
617 1907 670 1972 τῶς
694 1901 874 1974 ἄστρατείας
896 1905 1020 1979 γραφῶν
1044 1900 1148 1970 κοινοὺς
1174 1895 1257 1966 εἷναι.

68 2091 70 2094 Υ
164 2002 246 2067 Add.
281 2005 309 2068 1.
335 2009 364 2068 4.
411 2007 470 2069 Per
501 2007 580 2070 hanc
610 2008 783 2071 iuncturam
816 2008 1008 2091 significatur
1037 2030 1100 2071 uno
1131 2009 1257 2092 quidem

163 2113 287 2177 nomine
317 2134 364 2177 res
396 2116 573 2199 ceteroquin
605 2116 738 2180 diversas
771 2117 850 2179 inter
881 2139 913 2179 se
945 2117 1058 2180 similes
1088 2117 1201 2193 luisse,
1227 2123 1258 2179 et

163 2230 233 2304 apte
264 2244 334 2285 oum
363 2224 565 2306 promissione
588 2225 694 2287 veniae
717 2231 748 2287 et
770 2226 937 2300 ἄμνηστίας
962 2224 1103 2288 exulibus
1128 2231 1158 2288 et
1182 2226 1258 2288 infa-

164 2329 267 2394 mibus
299 2331 371 2394 data
400 2355 453 2415 per
483 2331 575 2403 ἄλλος
607 2332 770 2416 copulatur
799 2333 877 2396 illud
909 2339 1018 2397 notum
1042 2334 1257 2398 iusiurandum

166 2440 216 2520 (cl.
241 2440 324 2504 And.
348 2441 369 2503 l.
394 2441 427 2524 l.)
453 2441 536 2524 quod
559 2442 699 2505 similiter
723 2441 936 2505 conciliatione
960 2443 1038 2505 vires
1062 2443 1256 2506 obsessorum
1345 2511 1361 2526 Ι

165 2556 327 2612 aucturum
351 2555 424 2614 erat

209 2659 301 2740 ξ28.
348 2658 494 2729 πολλᾶκις
524 2658 575 2733 ἤδη
608 2660 649 2738 τῷ
677 2658 804 2738 ὑμετέρῳ
834 2659 937 2732 πλήθει
962 2659 1179 2724 διεκελεύσαντο
1203 2659 1256 2740 (sic

165 2766 285 2849 egregie
317 2765 438 2849 Taylor.
462 2788 518 2850 pro
542 2767 722 2847 διελύσαντο)
745 2773 805 2838 τοῖς
828 2764 916 2846 ἄρκοις
939 2769 988 2830 καί
1012 2774 1079 2838 ταῖς
1102 2769 1255 2842 συνθήκαις

164 2875 315 2950 ἐμμένειν·
340 2913 385 2922 -
407 2882 468 2947 τοῖς
498 2876 552 2953 μὲν
582 2874 641 2955 νᾶρ
664 2873 698 2949 ἐξ
720 2873 824 2946 ἄστεος
849 2876 918 2955 ὑπὲρ
941 2883 997 2940 τῶν
1020 2877 1259 2956 παρεληλυθότων

163 2981 263 3047 ἄδειαν
294 2984 434 3056 ποιήσειν,
465 2992 540 3053 τοῖς
572 2984 655 3046 δ’ἐκ
679 2989 854 3063 Πειραιῶς
877 2982 963 3048 οὕτω
987 2991 1159 3050 πλεῖστον
1181 2983 1260 3065 χρί-

164 3117 217 3157 νον
239 3093 301 3166 την
324 3091 514 3156 πολιτείαν
537 3091 579 3157 ἄν
602 3101 845 3169 παραμεῖναι.
891 3093 993 3176 Igitur
1016 3094 1119 3156 exules
1143 3094 1201 3156 soli
1224 3093 1258 3174 (οἱ

163 3203 196 3265 ἐκ
226 3203 373 3284 Πειραιῶς)
397 3200 494 3263 libera
517 3200 699 3264 fruebantur
722 3201 869 3265 civitate?
915 3203 966 3264 An
989 3201 1123 3270 πολιτεία
1149 3210 1195 3265 est
1218 3203 1259 3264 ci·

164 3311 266 3373 vitatis
289 3308 538 3372 administratio?
573 3307 690 3372 Verum
713 3309 788 3373 haec
807 3331 869 3372 non
891 3317 955 3373 erat
975 3317 1031 3375 τῶν
1052 3313 1085 3374 ἐκ
1099 3317 1256 3389 Πειραιῶς,

164 3418 217 3482 sed
245 3418 383 3480 omnium
415 3417 603 3501 promiscue;
633 3416 727 3499 idque
759 3440 950 3501 summopere
975 3440 1078 3481 cavere
1101 3418 1169 3481 vult
1193 3441 1258 3481 ora-

162 3536 212 3591 tor
234 3551 273 3591 ne
296 3527 329 3589 hi
353 3527 410 3590 soli
432 3527 652 3610 rempublicam
675 3533 801 3591 teneant
808 3554 817 3604 3
842 3527 880 3590 ef.
905 3530 990 3610 §aa
1021 3527 1101 3590 Vide
1116 3550 1190 3590 num
1209 3549 1258 3591 ex·

163 3637 271 3700 uiderit
294 3634 411 3718 aliquid
434 3642 505 3720 post
528 3633 618 3718 odra,
643 3635 704 3698 tale
726 3636 803 3720 quid
822 3643 881 3707 τοῖς
905 3635 930 3698 δ’
952 3637 983 3699 ἐκ
1003 3647 1041 3701 Π.
1063 3634 1134 3700 οὕτω
1158 3637 1259 3699 πλεί-

161 3770 251 3819 στην
273 3746 382 3822 τιμην
406 3744 724 3824 προςγεννίσεσίαι
744 3745 805 3808 καὶ
826 3752 964 3808 πλεῖστον
982 3743 1082 3824 χρόνον
1094 3769 1122 3808 κ.
1135 3770 1163 3810 τ.
1177 3745 1258 3808 ἑ.-

163 3853 309 3916 Ceterum
332 3874 368 3914 ex
392 3851 491 3915 verbis
514 3851 660 3922 πολλᾶκις
684 3853 736 3927 ἤδη
759 3860 887 3937 apparet
911 3854 971 3916 iam
997 3854 1118 3936 saepius
1142 3853 1257 3916 similes

162 3984 267 4025 causas
305 3960 403 4023 dictas
439 3961 534 4024 fnisse
565 3968 634 4045 post
668 3961 842 4025 libertatem
871 3961 1066 4039 restitutam,
1102 3962 1185 4044 quod
1217 3962 1256 4024 ad

162 4080 284 4153 tempus
316 4071 463 4133 orationis
494 4069 616 4133 habitae
648 4069 901 4134 constituendum
932 4092 994 4132 non
1018 4070 1252 4155 neglegendum.

162 4179 294 4262 Reliqua
317 4180 462 4263 temporis
485 4178 598 4268 indicia
620 4179 653 4242 in
676 4180 814 4243 oratione
837 4179 886 4263 (of.
906 4179 1038 4244 maxime
1055 4182 1072 4264 p
1090 4183 1130 4242 23
1150 4188 1181 4242 et
1198 4180 1254 4264 24)
