2850 5024
683 312 744 372 190

169 510 249 581 κότος
272 512 363 575 αὐτοῦ
385 510 433 573 ε’πὶ
456 515 512 573 τῶν
535 507 688 589 τριήκοντα
712 507 801 585 ἱνομα
824 509 879 591 (sio
903 508 1050 572 Schottns
1073 531 1130 592 pro
1153 509 1262 589 οἱρμα,

168 620 252 703 quod
278 621 391 683 frustra
417 618 555 682 defendit
578 618 732 702 Dobrcus)
757 620 786 681 ἐν
810 625 878 687 ταῖς
900 619 1011 683 σανὶσιν
1035 618 1261 698 ἐνεγέγραπτο,

167 729 217 792 καὶ
240 727 308 793 ἄνευ
330 728 493 807 κατηγόρου
514 726 551 791 dr
574 723 661 791 adria
684 724 934 804 ἀπεδοκιμάζετε·
958 731 1007 790 νῦν
1031 726 1055 789 δ’
1077 723 1126 790 ὅτε
1146 730 1190 800 μή
1209 727 1262 802 μή·

166 860 211 901 νον
240 838 387 908 ἱππευκὼς
417 837 505 914 μηδὲ
536 836 806 918 βεβουλευκώς,
839 834 924 899 alind
953 835 1002 898 καὶ
1026 837 1067 907 εἱς
1089 835 1123 899 τὸ
1150 837 1261 910 πλῆθος

166 945 371 1024 ἐξημαρτηκὼς
398 946 557 1026 φαίνεται,
588 947 638 1009 οὐκ
667 943 704 1008 ἱιν
741 942 849 1007 οἱτοπον
880 944 1045 1018 ποιήσαιτε,
1078 945 1102 1007 εἱ
1132 946 1176 1019 μή
1207 946 1260 1017 τήν

168 1058 259 1129 αὐτήν
290 1055 408 1132 γνώμήν
439 1053 558 1134 ἔχοντες
589 1054 652 1134 περὶ
685 1055 776 1118 αὐτοῦ
811 1053 975 1135 Φαίνοισθε;
1012 1052 1145 1135 (Scheib.
1176 1053 1259 1117 male

166 1166 304 1245 φανοῖσθε
327 1185 398 1227 cum
420 1162 531 1246 Mos).
571 1162 662 1226 Unus
685 1162 736 1225 hic
759 1162 845 1225 locus
869 1169 916 1225 est
940 1184 976 1224 ex
995 1163 1121 1253 paucis,
1141 1163 1258 1245 quibus

167 1271 394 1336 Laurentianus
417 1294 519 1335 veram
541 1271 706 1335 lectionem
728 1270 832 1334 habet.
880 1269 1061 1333 Omittenda
1084 1271 1166 1333 euim
1181 1278 1257 1334 sunt

168 1382 258 1445 verba
279 1383 351 1459 μηδὲ
372 1381 591 1461 βεβουλευκώς,
616 1402 678 1443 non
702 1379 786 1462 quod
809 1380 954 1442 iunctura
976 1379 1183 1442 membrorum
1201 1403 1257 1464 per

167 1493 199 1554 οὐ
222 1491 305 1566 μόνον
328 1529 373 1539 -
399 1489 460 1554 οὐδὲ
483 1527 528 1538 -
555 1490 639 1554 ἄλλα
662 1491 713 1553 καὶ
743 1489 843 1572 (ouius
867 1489 986 1572 aliquot
1009 1489 1148 1572 exempla
1169 1489 1258 1553 affert

167 1598 321 1682 Sanppius
352 1598 409 1682 Ep.
444 1600 511 1662 crit.
535 1621 566 1682 p.
592 1600 646 1682 21)
670 1599 710 1661 sit
732 1598 886 1675 insolens,
912 1598 965 1661 sed
989 1599 1062 1680 qnia
1085 1599 1257 1662 senatoriae

168 1706 344 1790 dignitatis,
370 1729 431 1790 qua
453 1708 580 1771 functus
603 1707 714 1770 fuisset
737 1707 790 1784 E„
816 1708 848 1770 in
871 1707 1056 1791 praegressis
1072 1706 1159 1769 nulla
1175 1729 1259 1770 men-

168 1815 212 1877 tio
242 1823 305 1893 est,
335 1824 366 1879 et
389 1822 492 1879 orator
515 1817 558 1878 sic
583 1823 829 1899 argumentatur:
854 1817 880 1879 si
904 1838 990 1899 eques
1014 1817 1072 1880 sub
1095 1835 1160 1878 xxx
1184 1817 1257 1879 viris

167 1925 293 2002 luisset,
326 1948 395 1990 aum
427 1925 657 2011 improbaretis3
689 1948 772 1989 nuno
804 1948 901 2008 quum
931 1948 994 1989 non
1018 1932 1139 1989 tantum
1163 1947 1257 2008 eques

167 2033 260 2096 luerit
289 2034 343 2097 sed
370 2035 470 2098 multo
501 2036 594 2099 etiam
624 2035 746 2118 gravius
770 2034 954 2119 deliquerit,
979 2034 1056 2119 quid
1080 2035 1179 2096 facere
1202 2056 1257 2096 vos

168 2142 311 2225 oportet?
357 2141 516 2222 Quantum
546 2164 629 2205 nunc
657 2142 777 2206 obesset
801 2136 950 2206 senatoris
973 2164 1105 2219 munus,
1130 2143 1157 2204 si
1180 2141 1254 2205 olim

169 2271 204 2312 eo
227 2251 352 2314 fimctns
376 2258 471 2328 esset,
496 2251 672 2335 probationi
695 2250 776 2314 nihil
800 2250 950 2314 attinebat
973 2249 1092 2326 dicere,
1110 2271 1208 2332 quum
1224 2249 1258 2312 in

168 2359 372 2422 condicionali
395 2360 546 2423 sententia
567 2382 631 2423 non
654 2360 790 2443 positum
813 2366 893 2422 esset
916 2358 1090 2429 ἱππευκότος
1111 2361 1128 2433 ἢ
1147 2358 1256 2436 βεβου-

166 2469 318 2552 λευκότος,
348 2469 401 2532 sed
425 2469 606 2553 simpliciter
628 2471 812 2541 ἱππευκότος.
859 2468 961 2533 Locus
985 2468 1192 2551 interpolatus
1215 2468 1260 2529 vi·

166 2576 257 2641 detur
279 2578 317 2641 ab
339 2579 521 2662 interprete,
548 2579 601 2661 qui
624 2579 782 2662 superiora
803 2579 826 2641 εἱ
842 2578 896 2654 μὲν
908 2578 941 2651 δή
956 2578 1163 2654 βουλεύσων
1178 2576 1258 2640 male

165 2677 366 2750 intellexerat.
413 2685 558 2749 Ceterum
592 2708 736 2769 apparere
771 2685 893 2749 videtur
927 2708 964 2749 ex
998 2686 1098 2749 verbis
1133 2687 1176 2762 μή
1207 2683 1260 2760 μή·

165 2817 209 2858 νον
233 2829 275 2843 -
297 2795 383 2858 ἄλλα
404 2795 471 2871 καὶ,
497 2816 575 2877 quae
591 2816 654 2858 non
670 2795 745 2878 poni
760 2801 890 2879 possunt
906 2816 960 2877 pro
977 2796 1019 2872 μή
1038 2793 1080 2857 ὅτι
1098 2831 1143 2843 -
1157 2792 1258 2871 ἄλλα,

165 2903 297 2986 equitem
322 2924 355 2965 re
379 2924 449 2964 vera
470 2902 565 2965 fuisse
581 2902 775 2978 Evandrum
800 2901 884 2985 quod
904 2923 939 2964 ea
954 2924 1019 2980 res,
1038 2902 1127 2986 quasi
1142 2903 1260 2965 incerta

165 3017 258 3086 esset,
286 3011 319 3072 iu
346 3011 446 3094 priore
470 3012 639 3074 sententiae
662 3017 748 3095 parte
772 3011 829 3074 sub
853 3010 1044 3075 condicionis
1068 3033 1131 3074 non
1156 3011 1258 3094 exple·

163 3125 213 3183 tae
235 3120 332 3183 forma
355 3120 520 3183 enunciata
543 3127 590 3182 est
613 3121 647 3201 (εἱ
671 3119 902 3204 ἐνεγέγραπτο),
927 3120 1044 3183 sactum
1061 3126 1107 3183 est
1123 3118 1258 3203 eoquod

165 3227 240 3290 haec
263 3227 403 3289 condicio
426 3229 516 3311 quasi
539 3228 742 3292 subordinate
764 3235 811 3291 est
834 3229 1116 3292 commemorationi
1134 3228 1179 3291 rei
1194 3250 1259 3291 non

164 3336 262 3398 iactae
286 3335 320 3418 (εἱ
344 3334 549 3419 ἐδοκιμάζετο).

209 3445 226 3527 q
251 3445 301 3505 12.
349 3441 412 3507 ὥσθ’
443 3445 511 3519 ὑμῖν
540 3444 681 3517 καθήκειν.
724 3441 801 3526 Leg.
833 3444 960 3518 καθήκει.
1004 3442 1087 3506 Nam
1110 3444 1185 3508 ὥστε
1209 3453 1257 3508 est

164 3558 353 3636 quopropter.
401 3549 509 3613 Nihilo
539 3551 642 3614 minua
672 3557 754 3614 recte
785 3573 827 3637 se¹
847 3551 974 3615 haberet
1004 3551 1194 3630 infinitivus,
1229 3556 1257 3617 si

162 3661 237 3724 haec
261 3682 297 3723 ex
316 3668 419 3722 mente
438 3658 573 3723 Evandri
593 3659 676 3722 dicta
694 3665 805 3723 essent.
841 3659 901 3722 Sed
921 3681 1008 3723 secus
1028 3661 1093 3723 fieri
1119 3661 1254 3746 quisque

163 3769 339 3832 admonitus
362 3767 483 3831 sentiet.

206 3878 223 3960 q
249 3878 299 3938 13.
346 3868 390 3954 ἆρ’
413 3876 463 3938 οὐκ
486 3874 567 3940 οἱεσή
591 3875 696 3945 αὐτοὺς
719 3880 865 3954 χαλεπῶς
888 3875 1080 3939 διακείσεσθαι
1104 3875 1153 3939 καὶ
1174 3877 1255 3953 ὑμᾶς

162 3987 257 4049 αὐτῶν
280 3984 387 4053 αἰτίους
411 3983 588 4063 ήγήσεσθαι,
612 3979 698 4046 ὅταν
721 3981 896 4058 γένωνται
919 3985 947 4046 ἐν
971 3982 1083 4054 ε’κεὶνοις
1103 3991 1163 4054 τοῖς
1184 3985 1254 4064 χρό-

162 4117 235 4169 νοις,
259 4095 287 4157 ἑν
311 4088 350 4164 οἱς
374 4095 468 4156 αὐτῶν
491 4091 593 4157 πολλοὶ
616 4093 656 4163 εἰς
679 4091 713 4154 τὸ
735 4092 925 4172 δεσμωτήριον
947 4093 1098 4168 οἱπήγοντο
1118 4118 1181 4170 -3
1202 4093 1254 4156 In-

162 4209 384 4286 terpretantur:
417 4221 513 4282 quum
545 4200 577 4263 in
608 4198 785 4263 memoriam
813 4204 976 4277 redieriat;
999 4200 1052 4262 sed
1076 4201 1250 4284 exemplum
