2850 5024
669 409 730 469 ltu

201 609 270 691 qb.
322 606 589 670 Demonstraturus
625 605 816 669 Mantitheus
848 606 965 670 nullam
997 613 1114 691 partem
1145 608 1250 693 reipu-

160 717 255 780 blicae
279 740 310 780 se
334 718 470 801 attigisse
487 718 544 781 suh
560 717 687 801 triginta
704 716 776 780 viris
793 717 928 781 ostendit
945 741 978 782 se
993 740 1117 802 peregre
1133 718 1249 796 luisse,

160 833 189 890 et
214 828 350 912 quinque
373 835 493 891 tantum
515 827 622 891 diebus
639 835 709 891 ante
726 828 872 912 populare
888 829 1050 913 imperium
1066 831 1251 893 restitutum

161 938 285 1002 domum
315 941 482 1003 revertisse.
531 937 602 1002 Non
632 939 789 1023 probabile
813 946 894 1016 erat,
919 940 1038 1023 inquit,
1062 962 1118 1003 nos
1142 940 1174 1003 in
1200 962 1253 1024 pe·
1293 1000 1296 1005 .

159 1049 248 1114 riculi
272 1051 445 1113 societatem
469 1072 539 1113 cum
563 1050 690 1134 triginta
711 1051 784 1112 viris
806 1051 907 1113 venire
927 1050 1076 1128 voluisse,
1097 1051 1158 1115 οὔτ’
1178 1053 1253 1116 ἐκεῖ·

160 1186 197 1226 νον
230 1162 265 1246 (οἱ
291 1163 331 1245 λ’)
359 1163 511 1243 φοοίνοντοιν
540 1163 675 1236 τονοούτνν
704 1163 821 1238 γνώμην
851 1160 986 1242 ἔχοντες,
1015 1161 1090 1226 ὥστε
1113 1162 1162 1226 ml
1187 1169 1251 1234 τοῖς

162 1274 341 1351 ἀποδημοῦσι
364 1273 412 1337 aad
437 1281 495 1345 τοῖς
520 1273 607 1351 μηδὲν
630 1271 859 1352 ἐξαμαρτάνουσι
883 1271 1068 1348 pererratam
1091 1281 1144 1346 τῆς
1164 1288 1252 1337 τολο-

160 1385 258 1466 τείοος,
289 1385 372 1448 danai
403 1387 518 1460 μέολλον
547 1382 685 1462 ἠτίμαζον
716 1384 765 1447 κοοὶ
795 1384 860 1454 τοὺς
883 1384 1177 1459 οννκοοτοολύοοοντοος
1199 1385 1251 1449 τὸν

161 1494 257 1573 δῆμον.
292 1503 361 1565 Τοῖς
389 1503 459 1558 ante
486 1494 573 1573 μηδέν
605 1495 739 1578 positum
771 1494 975 1559 omittendum
999 1502 1092 1579 put0;
1117 1518 1179 1559 non
1205 1496 1253 1560 di·

162 1607 347 1690 stinguendi.
362 1616 434 1670 sunt
458 1607 510 1690 qui
534 1618 619 1669 extra
643 1606 750 1670 urbem
772 1606 894 1668 fuerent
918 1605 954 1669 ab
978 1606 1015 1668 iis
1032 1607 1087 1690 qui
1102 1607 1181 1670 nihil
1199 1607 1252 1672 de-

161 1718 315 1802 liquerant
322 1743 331 1794 ;
363 1716 416 1779 sed
447 1717 469 1779 ii
494 1718 547 1801 qui
572 1716 735 1780 abfuerant
758 1740 792 1780 co
817 1719 883 1800 ipso
907 1717 985 1779 nihil
1009 1724 1174 1802 potuerant
1199 1719 1253 1783 de-

163 1830 302 1913 linquere
325 1833 393 1911 (,‚ut
417 1830 508 1893 etiam
532 1829 607 1892 mihi
632 1838 662 1892 ct
680 1829 764 1906 aliis,
786 1830 840 1912 qui
861 1852 984 1913 peregre
1000 1829 1154 1894 ineramus
1166 1838 1198 1894 et
1215 1854 1253 1895 eo

161 1942 250 2025 „ipso
280 1941 355 2003 nihil
389 1940 656 2026 deliqueramus'').
704 1942 846 2005 Proxima
879 1943 923 2004 sic
954 1942 1159 2027 explicantur:
1194 1943 1250 2006 sed

163 2053 266 2136 potius
297 2053 532 2116 contemnebant
564 2076 614 2116 eos
647 2054 737 2116 etiam
769 2055 822 2138 qui
854 2053 961 2137 populi
993 2054 1155 2138 imperium
1177 2077 1254 2120 cum

165 2163 239 2247 ipsis
262 2162 481 2226 subverterant.
531 2163 637 2227 Brevia
660 2164 734 2227 haec
758 2173 831 2227 sunt
853 2165 961 2239 nimis,
987 2186 1084 2248 eoque
1104 2164 1254 2243 obscura3

164 2296 234 2337 narn
258 2274 421 2337 dicendum
445 2280 524 2336 erat:
551 2275 603 2337 sed
626 2274 702 2337 adeo
725 2297 823 2338 omnes
845 2279 960 2338 ommim
984 2273 1189 2358 spernebant,
1215 2285 1253 2339 ut

164 2386 253 2448 etiarn
278 2385 399 2448 sceleris
423 2386 521 2448 socios
545 2393 784 2450 contemnerent.
831 2386 880 2450 Ne
903 2387 1003 2450 dicam
1026 2387 1102 2450 haec
1125 2387 1156 2449 in
1182 2387 1253 2449 uni·

163 2519 282 2560 versum
307 2495 389 2559 dicta
412 2497 461 2559 vix
486 2519 554 2559 vera
578 2520 659 2574 esse,
681 2499 725 2560 vis
742 2498 1016 2581 argumentationis
1033 2497 1076 2559 sic
1093 2497 1252 2575 elevatur3

164 2608 189 2670 si
220 2607 302 2670 enim
333 2607 424 2670 etiam
454 2607 559 2670 noxios
582 2608 799 2692 repudiabant,
825 2608 1016 2672 Mantitheus
1040 2607 1158 2693 aliquid
1183 2630 1254 2692 pec·

164 2721 277 2783 cavisse
297 2730 433 2803 poterat,
459 2720 598 2802 quamvis
623 2719 660 2782 eb
684 2721 721 2783 iis
746 2729 824 2783 esset
847 2728 986 2804 spretus;
1004 2739 1112 2781 causae
1128 2719 1255 2802 patroni

164 2839 229 2895 erat
251 2832 367 2895 dicere:
393 2831 470 2894 nihil
496 2831 700 2914 deliqueram,
725 2855 794 2915 erpo
817 2854 909 2915 eques
930 2832 968 2895 ab
984 2832 1022 2894 iis
1039 2831 1171 2914 scriptus
1187 2851 1254 2893 non

163 2966 241 3006 sum.
282 2942 374 3007 Nunc
397 2943 531 3006 indicat:
557 2941 594 3005 ab
619 2943 656 3005 iis
680 2965 742 3006 non
766 2943 804 3005 ad
829 2944 948 3026 equites
971 2942 1085 3005 relatus
1109 2941 1173 3017 fui5
1198 2940 1255 3005 sed

163 3055 227 3117 fieri
251 3065 352 3138 potest
375 3062 412 3117 ut
434 3054 636 3117 nihilominus
659 3055 795 3118 criminis
812 3054 965 3138 quandam
983 3054 1160 3117 societatem
1177 3074 1252 3117 cum

164 3165 203 3227 iis
231 3164 399 3227 habuerim.
448 3163 525 3227 Mihi
557 3164 722 3228 admodum
754 3165 867 3229 arridet
898 3165 1016 3230 Reiskii
1040 3163 1197 3248 suspicio,
1223 3164 1257 3227 in

165 3298 258 3360 quarn
281 3277 346 3360 ipse
363 3296 485 3359 quoque
506 3276 689 3355 incideram,
712 3288 782 3363 post
800 3281 848 3343 τὸν
864 3279 952 3356 δῆμον
969 3276 1116 3341 excidisse
1131 3274 1256 3353 ἕτίμνονς

166 3387 266 3471 quod,
288 3388 312 3450 si
337 3396 459 3470 reputes
475 3387 566 3450 scribi
582 3388 758 3474 saepissime
774 3393 857 3473 proi
876 3389 909 3451 in
926 3387 1147 3472 antiquissimis
1162 3387 1256 3453 MSS.

165 3524 207 3574 εν,
236 3506 306 3562 ante
332 3498 435 3563 ἔπειτα
459 3499 561 3584 potuit
584 3501 694 3563 omitti.
731 3498 952 3564 Herwerdenus
969 3506 1075 3576 acute,
1094 3498 1148 3563 sed
1159 3499 1257 3584 paulo

167 3610 279 3672 maiore
303 3631 373 3672 cum
396 3611 585 3674 mutatione:
616 3618 676 3682 τοῖς
700 3610 748 3675 nal
768 3611 854 3676 ἆτοδ.
879 3610 928 3674 real
951 3609 1056 3686 μηδέν,
1080 3618 1147 3674 tum
1169 3612 1259 3676 ἀλλὰ

165 3725 282 3798 μᾶλλον
313 3723 419 3796 ἐτίμων
449 3723 514 3794 τοὺς
544 3747 632 3799 ruys.
679 3721 739 3784 Pro
769 3723 888 3802 ἔχοντες
919 3720 1000 3784 idem
1034 3728 1066 3784 et
1099 3720 1258 3807 Sauppius

166 3832 306 3912 σχόντες,
337 3832 389 3895 scd
421 3832 459 3895 cf.
496 3835 546 3897 12.
572 3836 630 3896 50:
662 3831 738 3905 ὅπως
770 3835 862 3898 τοίνυν
888 3835 930 3909 μὴ
960 3834 1126 3912 &evicerat
1161 3835 1190 3897 ἕν
1214 3838 1257 3917 τῷ

166 3944 247 4022 λόγῳ
268 3953 327 4016 τοῖς
349 3944 505 4023 τρνοὶκοντοο
528 3944 750 4022 ἐνοιντνούμενος.
790 3949 818 4010 l.
845 3948 883 4010 7:
907 3945 1066 4009 ἐπίστασθε
1088 3982 1133 3992 -
1155 3949 1260 4011 πολλοὶ

166 4056 196 4118 ἐν
227 4058 322 4135 ἐκείνῳ
353 4059 393 4136 τῷ
420 4056 512 4136 χρόνῳ
542 4055 634 4121 δοτέον
660 4057 730 4121 dura
752 4056 836 4127 zeta„-
858 4057 908 4120 καὶ
931 4057 1044 4134 μορίοις
1066 4056 1180 4127 ἔλοὶοονς.
1217 4056 1261 4121 Et

168 4167 322 4251 saepesic
341 4168 387 4233 da.
422 4165 550 4230 Accedit
567 4167 649 4249 quod
665 4167 753 4246 ἔσχον
770 4168 842 4250 (non
859 4166 1039 4250 composita)
1054 4165 1147 4250 vulgo
1163 4165 1260 4231 habet

169 4282 354 4363 conprendi,
384 4281 550 4355 retinendi,
580 4282 736 4343 cohibendi
761 4279 1031 4362 significationem,
1055 4299 1117 4341 non
1140 4278 1258 4362 simpli-

169 4389 244 4451 citer
266 4391 402 4453 habendi.
426 4426 471 4436 -
496 4388 640 4452 Praesens
663 4388 894 4471 ἐξαμαρτάνοντι
917 4410 979 4452 non
997 4395 1098 4472 potest
1113 4387 1253 4467 delendi,
