2850 5024
684 384 745 445 185

170 589 355 653 commisisse
388 590 509 674 (1-4).
556 590 597 652 Et
637 594 826 653 accusatores
858 588 982 671 quidem
1015 593 1135 651 tantum
1174 588 1259 650 abest

169 703 205 760 ut
226 719 274 761 me
297 699 363 763 iure
386 700 505 783 possint
528 721 687 775 accusare,
712 704 748 761 ut
771 720 850 782 quae
873 698 1001 781 triginta
1023 697 1080 760 viri
1102 696 1257 760 commise-

169 807 248 883 rint,
281 807 443 871 eriminum
472 808 576 892 inopia
606 807 638 869 in
661 829 710 870 me
734 800 917 890 congerant,
942 807 1124 888 quasivero
1148 826 1184 868 eo
1207 825 1256 867 me

168 938 336 999 paucorum
359 917 486 1002 imperio
510 918 608 981 favere
632 916 839 981 demonstrare
861 918 981 1001 possint
995 919 1095 1000 (-6).
1121 916 1163 978 At
1179 935 1256 996 quos

169 1025 293 1088 tandem
319 1033 441 1111 oportet
465 1027 648 1111 oligarchiae
670 1028 805 1091 fautores
829 1026 952 1090 dicere?
988 1025 1110 1089 Natura
1133 1023 1258 1107 quidem

167 1157 256 1199 nemo
280 1158 346 1200 eam
368 1136 558 1201 voluntatem
582 1138 692 1214 habet;
717 1137 770 1201 sed
794 1137 877 1220 quod
902 1137 1016 1220 cuique
1039 1135 1202 1211 conducit,
1224 1132 1257 1196 id

168 1245 297 1329 quisque
328 1226 469 1331 sequitur
498 1247 650 1331 regimen3
679 1247 762 1310 unde
792 1247 900 1324 multi,
930 1251 1023 1330 prout
1047 1245 1166 1308 utilitas
1190 1266 1257 1306 sua·

167 1354 237 1418 dere
269 1356 446 1434 videbatur,
479 1365 580 1442 partes
603 1359 947 1440 mutaverunt(-10).
984 1356 1033 1419 Ad
1057 1356 1136 1418 hauc
1159 1352 1256 1436 igitur

165 1485 303 1528 normam
334 1467 453 1551 exigere
482 1490 534 1531 vos
559 1474 697 1553 oportet,
722 1468 835 1552 quibus
859 1467 998 1552 partibus
1022 1465 1137 1550 singuli
1160 1484 1257 1526 aunu-

164 1572 302 1637 merandi
331 1575 392 1639 sint
423 1576 544 1659 (-12).
590 1576 658 1659 Ego
681 1576 824 1659 quidem,
848 1576 924 1640 dum
946 1575 1094 1660 populare
1117 1573 1253 1656 regimen

162 1681 281 1760 stabat,
310 1683 427 1748 nullam
456 1685 594 1769 patiebar
624 1685 828 1749 calamitatem
834 1712 843 1763 3
875 1686 1004 1770 gratiam
1034 1690 1141 1748 contra
1172 1679 1255 1765 apud

163 1811 217 1853 vos
239 1791 371 1870 inibam,
396 1795 484 1858 euius
499 1794 604 1858 fructu
619 1817 672 1879 per
687 1794 886 1879 oligarohiam
902 1794 1038 1878 privatus
1054 1815 1139 1870 sum,
1156 1812 1253 1874 quum

165 1901 380 1986 quadringenti
404 1909 434 1966 et
457 1903 583 1987 trigihta
605 1903 662 1966 riri
685 1903 803 1967 nullam
826 1903 923 1966 nostri
947 1902 1090 1965 fiduciam
1106 1900 1254 1964 haberent

165 2010 293 2093 (···l4);
317 2012 350 2074 in
374 2011 541 2095 oligarchia
563 2011 685 2075 nullum
706 2012 853 2095 probrum
877 2012 1015 2075 commisi
1038 2017 1074 2074 ut
1093 2009 1185 2104 multi
1201 2006 1254 2070 alii
1371 2024 1375 2031 ·

166 2117 287 2203 (-17).
340 2119 451 2202 Itaque
487 2120 562 2183 dum
595 2120 729 2204 populus
764 2120 934 2204 imperabat
964 2120 1041 2184 bene
1071 2118 1147 2195 feci;
1179 2116 1254 2180 dum

165 2228 273 2309 pauci,
297 2227 377 2290 nihil
399 2228 482 2291 mali.
528 2227 595 2292 Nec
618 2229 683 2292 iure
707 2229 784 2293 mihi
807 2228 954 2306 obfuerit,
981 2228 1064 2310 quod
1089 2251 1106 2290 a
1129 2227 1257 2311 triginta

163 2335 235 2398 viris
259 2336 338 2399 nihil
361 2358 469 2420 passus
493 2360 561 2400 sum
585 2338 660 2421 (18).
693 2337 833 2417 Quorum
859 2338 1063 2421 improbitatis
1085 2359 1149 2400 non
1170 2358 1257 2420 opor·

164 2451 209 2507 tet
239 2466 292 2507 vos
325 2468 342 2508 a
372 2469 421 2509 me
452 2468 565 2530 poenas
597 2453 732 2530 repetere
739 2472 749 2524 3
782 2446 835 2509 sed
860 2444 1120 2530 quemadmodum
1143 2443 1256 2506 iniuria

162 2553 248 2617 vobis
271 2554 452 2619 videbantur
474 2556 527 2619 isti
549 2557 720 2641 promiscue
744 2557 776 2619 in
796 2557 904 2619 noxios
920 2562 951 2619 et
966 2556 1102 2618 insontes
1119 2554 1253 2631 saevire,

163 2685 202 2725 ne
232 2685 315 2727 nunc
347 2665 472 2748 quidem
501 2667 650 2729 universis
682 2666 757 2729 vitio
790 2665 878 2743 date,
912 2688 990 2750 quae
1013 2685 1183 2749 paucorum
1206 2662 1258 2725 de·

163 2770 236 2834 licta
259 2780 332 2836 sunt
355 2775 476 2858 (-2o).
522 2775 564 2838 Et
590 2797 661 2839 vero
685 2783 836 2859 quantum
860 2782 940 2839 esset
963 2774 1079 2838 malum
1103 2771 1256 2836 discordia

164 2880 196 2943 in
228 2881 365 2958 civitate,
398 2883 457 2967 ipsi
481 2883 553 2947 olim
576 2890 657 2947 recte
679 2883 888 2961 iudicavistis,
912 2904 1010 2966 quum
1032 2882 1252 2966 intellegeretis

165 2989 390 3073 oligarchorum
421 2991 660 3069 dissensionem,
691 3014 752 3077 qua
774 2992 882 3057 civitas
906 2991 1136 3070 debilitaretur,
1160 2991 1254 3055 maxi·

165 3120 243 3162 mam
268 3099 354 3163 vobis
377 3101 494 3164 reditus
519 3124 603 3184 spem
627 3101 748 3179 afferre3
773 3124 856 3167 nunc
872 3101 967 3186 igitur
984 3101 1068 3165 vobis
1084 3100 1160 3184 ipsis
1177 3097 1256 3162 nihil

163 3211 303 3294 graviuS,
328 3209 407 3272 nihil
430 3209 538 3273 utilius
563 3208 741 3274 adversariis
765 3211 955 3274 committere
979 3210 1127 3293 possetis,
1159 3230 1252 3291 quam

164 3327 200 3382 ut
227 3320 416 3404 suspiciones
439 3326 470 3381 et
493 3318 624 3382 discidia
645 3321 678 3383 in
702 3321 826 3384 civitate
850 3320 972 3384 aleretis
996 3321 1119 3404 (-ea).
1160 3317 1256 3380 Revo-

165 3435 231 3492 cate
261 3429 295 3491 in
325 3429 519 3504 memoriam,
553 3450 631 3513 quae
660 3429 783 3493 subdoli
810 3429 919 3513 populi
940 3429 1074 3492 fautores
1099 3427 1255 3492 commise-

163 3539 226 3601 rint
233 3563 243 3615 ;
260 3537 307 3601 bis
323 3537 484 3621 demagogi
496 3537 697 3602 democratiae
713 3561 825 3603 nomen
841 3539 981 3602 odiosum
993 3538 1131 3602 fecerrmt
1137 3564 1146 3614 3
1161 3559 1254 3620 quare

164 3648 276 3710 mirum
299 3669 352 3710 vos
376 3668 460 3709 nunc
483 3668 588 3710 rursus
613 3647 691 3711 velle
714 3649 826 3711 servire
848 3649 933 3725 istis,
959 3648 1013 3732 qui
1036 3670 1110 3711 suae
1130 3645 1256 3709 student

164 3755 356 3831 auctoritati,
389 3763 420 3818 et
451 3777 582 3838 quorum
613 3756 772 3840 perfidiam
803 3758 864 3821 iarn
892 3758 1012 3841 saepius
1043 3757 1116 3820 estis
1140 3754 1257 3839 experti

164 3864 285 3948 (-30).
327 3862 391 3926 Vos
414 3886 498 3927 nunc
521 3865 637 3948 putatis
657 3865 874 3930 democratiam
892 3889 974 3942 esse,
992 3866 1045 3931 sed
1062 3865 1162 3928 facitis
1178 3885 1258 3947 quae

163 3972 232 4034 istis
263 3973 459 4050 conducunt,
491 3974 603 4056 quibus
636 3974 713 4039 nihil
743 3977 900 4059 antiquius
925 3983 988 4054 est,
1014 3998 1107 4060 quam
1129 3981 1166 4037 ut
1189 3995 1258 4050 eos,

163 4083 217 4164 qui
247 4082 357 4145 melius
392 4088 492 4145 vestro
523 4083 732 4168 prospicerent
756 4085 933 4163 commodo,
959 4085 1165 4149 delationibus
1190 4081 1254 4145 suis

166 4191 370 4268 absterreant,
406 4213 445 4256 ne
475 4192 534 4276 ipsi
565 4216 584 4256 a
613 4216 716 4259 rerum
747 4194 1013 4259 administratione
1043 4193 1255 4258 excludantur.

165 4299 228 4363 Vos
259 4300 437 4364 melioribus
469 4323 573 4366 aurem
602 4305 782 4387 praebentes
807 4307 873 4388 (28)
899 4305 1021 4369 foedera
1044 4305 1203 4369 observate
1228 4308 1259 4364 et
