2850 5024
693 417 751 476 120

177 620 208 673 et
230 609 266 675 ἂν
291 611 372 687 ὑμεῖς
395 611 597 689 δημεύσητε
623 615 789 698 posterius,
813 620 829 702 p
853 622 871 678 b'
897 618 963 693 ὑμῖν
985 594 1034 681 τᾶνΙ
1047 616 1268 696 Ἐρασιφῶντος

176 722 306 798 δημεύειν
337 721 438 798 ἔδοξε
468 725 552 808 prius
583 726 783 790 demonstrari
807 728 937 791 ridetur.
978 728 1062 791 Haec
1088 727 1131 791 sic
1151 725 1269 789 debent

177 833 209 896 in
239 840 421 897 concentum
451 834 565 919 redigi,
598 849 633 900 ut
664 846 850 917 statuamus,
885 839 1040 902 decretum
1064 838 1125 901 iam
1149 837 1269 900 factum

178 946 271 1009 fuisse
295 945 332 1007 de
356 945 443 1008 bonis
467 947 677 1032 publicandiS,
702 950 839 1013 nondum
863 958 964 1014 tamen
988 951 1020 1012 in
1044 949 1198 1012 aerarium
1223 970 1269 1012 re·
1358 996 1362 1015 .

178 1055 241 1119 lata
264 1055 364 1118 fuisse.
411 1055 543 1121 Itanon
568 1067 613 1122 est
637 1083 690 1122 cur
713 1082 767 1144 pro
791 1061 946 1138 δημεύεται
964 1083 1033 1124 cunr
1050 1059 1168 1127 Cobeto
1185 1059 1270 1144 lega-

179 1191 247 1231 mus
271 1169 451 1244 δεδήμευται.
497 1169 606 1256 Nuper
634 1172 796 1236 admodum
824 1172 861 1235 de
885 1170 1077 1257 publicandis
1101 1171 1192 1235 bonis
1218 1169 1270 1234 de-

178 1287 293 1343 cretum
317 1280 427 1357 fuisse,
451 1281 523 1344 inde
540 1291 665 1366 apparet
681 1283 764 1368 quod
781 1283 872 1368 paulo
890 1291 959 1346 ante
977 1283 1047 1367 (νννί
1062 1285 1079 1367 b
1096 1284 1126 1365 7)
1143 1282 1268 1366 privato

177 1389 290 1454 iudicio
314 1390 425 1474 petitor
448 1401 615 1456 certaverat
639 1394 677 1456 de
701 1417 773 1478 agro
798 1393 981 1478 Cicynnensi
1006 1405 1036 1456 ct
1052 1392 1162 1470 domo;
1182 1392 1270 1478 qnod

179 1511 259 1566 certe
282 1501 445 1586 publicetis
469 1503 532 1567 illis
555 1503 620 1566 fieri
643 1527 705 1567 non
730 1506 841 1589 potuit.

223 1612 425 1697 Proscriptum
466 1637 530 1677 esse
565 1614 695 1679 vidimus
726 1624 822 1678 totam
853 1615 1069 1678 haereditatem
1102 1613 1269 1693 Eratonis3

179 1726 373 1788 manifestum
402 1726 459 1788 hoc
488 1739 533 1789 est
556 1750 592 1790 ex
615 1729 748 1792 sectione
772 1732 809 1805 t,
840 1728 877 1791 de
901 1750 961 1812 qua
984 1726 1076 1811 paulo
1100 1732 1187 1810 post;
1213 1724 1269 1788 sed
1304 1776 1310 1782 .

179 1845 318 1920 pugnant
341 1859 418 1920 quae
441 1837 638 1902 inveniuntur
660 1842 676 1924 p
701 1843 733 1902 6:
758 1840 848 1904 ἕτειδ
870 1839 894 1902 δ’
912 1840 977 1916 ὑμῖν
996 1837 1272 1929 ταἜρασιφῶν-
1370 1864 1373 1879 ·

178 1969 236 2017 τις
260 1948 362 2029 (unius
387 1971 421 2010 ex
445 1948 542 2013 tribus
566 1950 638 2012 filiis
662 1949 816 2032 Eratonis)
842 1951 972 2027 δημεύειν
992 1947 1104 2024 ἔδοξεν,
1121 1946 1212 2028 ύφεὶς
1229 1955 1270 2026 τῇ

179 2057 261 2121 πόλει
284 2058 324 2122 ταὶ
347 2059 393 2123 δύο
410 2037 502 2139 μέρη,
524 2061 565 2124 τύι
581 2043 807 2141 Ἐρατιστρύτεν
823 2059 892 2136 citici
911 2085 958 2138 μοι
978 2060 1168 2139 ψηφισθῆναι.
1206 2055 1272 2120 Sed

179 2169 217 2232 ab
240 2177 358 2233 oratore
382 2171 426 2234 ita
449 2170 541 2234 scribi
564 2192 628 2234 non
652 2173 805 2255 potuisse,
830 2171 966 2235 ostendit
988 2171 1054 2254 ipsa
1072 2191 1136 2245 res;
1154 2167 1273 2231 namsi

179 2278 390 2365 Erasiphontis
414 2288 535 2344 tantum
558 2281 636 2345 bona
659 2282 772 2345 aerario
789 2282 942 2345 vindicata
958 2288 1075 2358 essent,
1093 2277 1171 2343 nihil
1189 2301 1272 2364 opus

179 2397 243 2454 erat
274 2391 331 2453 hoc
362 2390 494 2468 iudicio,
520 2391 670 2476 siquidem
693 2400 778 2455 actor
798 2391 879 2482 ¹nibil
902 2392 960 2455 nisi
984 2391 1161 2454 Erasistrati
1186 2389 1273 2455 bona

179 2499 237 2564 sibi
264 2501 416 2585 postulat,
441 2503 522 2580 διότι,
550 2503 669 2588 inquit,
699 2505 797 2568 ταύτύ
821 2504 853 2579 ν’
878 2504 926 2579 ἤδη
952 2503 999 2566 καὶ
1024 2503 1155 2583 πρότερον
1179 2502 1274 2578 ἐγνώ-

179 2614 242 2675 κιιύ’
261 2611 374 2691 ἡμέτερ’
400 2608 480 2677 εἶναι.
528 2612 607 2676 Sunt
637 2623 739 2677 autern
771 2636 841 2698 ager
864 2613 1022 2698 Sphettius
1044 2620 1073 2676 et
1097 2611 1274 2697 Cicynnen·

179 2723 219 2786 sis
251 2746 321 2787 cum
352 2719 470 2800 domos
490 2746 568 2808 quae
591 2724 643 2787 ille
668 2724 786 2787 dudum
809 2733 863 2788 aut
886 2725 951 2808 ipse
975 2731 1121 2807 terruerat
1144 2732 1200 2787 aut
1224 2724 1274 2789 iu-

180 2833 259 2898 dicio
288 2834 346 2899 sibi
378 2836 530 2899 vindicare
560 2834 728 2899 identidem
761 2843 890 2900 conatus
915 2844 988 2899 erat.
1035 2835 1111 2898 Rem
1134 2834 1276 2900 animad-

179 2946 271 3009 vertit
294 2948 384 3010 etiam
409 2948 541 3012 Meierus
565 2970 594 3032 p.
623 2950 695 3010 192.
744 2945 815 3010 Non
841 2946 1007 3010 admodum
1030 2944 1189 3032 probabile
1206 2955 1272 3024 est,

180 3058 289 3121 vitium
320 3081 384 3122 esse
415 3058 547 3135 librarii;
580 3057 661 3121 cadit
692 3057 794 3156 potius
831 3058 864 3121 in
894 3057 1089 3120 festinantem
1123 3057 1275 3141 epitoma·

181 3174 286 3232 torem.

226 3281 272 3344 De
304 3281 515 3365 Erasiphontis
547 3280 633 3345 bonis
665 3303 760 3366 quum
793 3280 870 3344 actio
902 3287 980 3343 essct
1010 3253 1153 3342 instituta
1184 3280 1273 3364 apud

182 3392 297 3457 iudices
321 3393 476 3478 vulgareS,
499 3394 707 3478 exceptionem
730 3398 891 3455 moverunt
914 3392 978 3455 eius
1002 3391 1122 3467 affines,
1143 3412 1273 3456 causam

93 3543 94 3547 =
183 3503 221 3566 ad
244 3505 411 3569 ναυτιδίαννν
434 3506 534 3568 forum
558 3504 753 3568 reiieiendam
778 3526 842 3566 esse
866 3501 1101 3580 contendentes3
1125 3502 1148 3564 ii
1170 3517 1273 3585 quum

182 3616 229 3678 ius
261 3615 396 3680 dicerent
428 3616 525 3679 hieme
555 3623 676 3678 tanturn
700 3615 748 3696 (cf.
773 3612 906 3676 Boeckh.
931 3611 1062 3676 Staatsh.
1087 3612 1113 3677 I.
1138 3636 1167 3698 p.
1195 3617 1272 3701 54),

184 3735 302 3812 tempus
327 3751 357 3790 se
382 3734 569 3791 extracturos
594 3726 764 3811 sperabant.
812 3723 899 3804 Quae
923 3746 968 3788 res
991 3724 1029 3787 iis
1052 3724 1177 3789 mirifice
1203 3750 1275 3792 suc·

184 3839 283 3902 cessit.
331 3837 411 3901 Nam
436 3861 526 3902 causa
550 3838 587 3901 ad
612 3838 778 3922 proximam
795 3836 930 3900 hiemem
954 3836 1099 3920 ampliata
1121 3846 1175 3901 est.
1215 3839 1274 3905 Ni·

36 3928 39 3939 .
95 3926 119 4017 ς
184 3951 293 4013 mirum
323 3949 494 4034 Erasiphon
527 3959 557 4013 et
587 3950 661 4014 olim
692 3951 718 4034 (b
738 3941 780 4034 ji)
812 3960 842 4012 et
865 3971 945 4011 nunc
968 3955 1154 4013 mercaturae
1177 3972 1275 4016 causa

183 4062 433 4147 peregrinabatur
469 4062 643 4146 (legendnm
688 4062 808 4141 ἔμτορνν
847 4084 909 4124 non
942 4060 1080 4142 ἔμτνμι).
1138 4060 1271 4127 Interim

186 4173 265 4237 bona
288 4174 389 4236 omnia
411 4172 554 4236 Eratonis
578 4195 655 4255 qnae
678 4174 813 4248 fuerant,
832 4171 1037 4257 publicantur.
1061 4169 1172 4248 Nunc,
1190 4195 1274 4256 quae

185 4283 233 4344 via
264 4284 300 4345 ad
333 4291 448 4367 partem
480 4292 560 4346 certe
590 4282 804 4346 vindicandam
835 4281 1010 4345 brevissima
1033 4290 1110 4360 erat,
1135 4304 1202 4346 eam
1227 4284 1274 4349 in·

186 4393 332 4477 greditur.
368 4394 557 4477 Uesperum,
582 4395 671 4478 plane
695 4417 726 4458 se
750 4417 839 4458 suum
854 4395 902 4457 ius
919 4394 1116 4458 obtenturum
1133 4400 1163 4458 et
1179 4402 1273 4461 πλέον
