2850 5024
680 401 744 461 218

162 624 228 671 ιητε
259 599 349 662 verba
380 610 504 684 possent
531 605 615 680 eiici,
641 612 672 666 et
695 627 730 666 ea
754 605 846 667 fuisse
871 603 991 667 videtur
1014 604 1114 687 ipsius
1139 601 1255 664 Dobrei

162 710 329 784 sententia,
354 709 391 773 ab
415 710 530 775 editore
556 713 808 777 Adversariorum
825 735 886 776 non
904 713 976 775 satis
993 712 1162 775 intellecta.
1191 709 1259 772 Sul-

163 817 243 880 ficiet
265 840 455 901 comparasse
479 822 628 884 sectiones
658 826 690 899 l,
717 824 776 898 25,
804 824 865 897 26,
890 831 925 884 ut
948 827 1094 906 appareat
1114 819 1260 882 Nicoma·

162 926 268 1003 clmm,
300 928 358 990 etsi
389 930 547 1012 peculatus
578 932 693 995 crimen
727 932 755 994 ei
787 931 880 995 obiici
911 953 972 994 non
1004 936 1127 1014 posset,
1154 936 1258 992 tamen

162 1037 315 1121 corrumpi
346 1061 378 1100 se
401 1061 524 1122 passum
549 1064 632 1118 esse,
657 1063 751 1125 quare
775 1042 840 1104 eius
864 1040 1017 1105 absolutio
1041 1041 1124 1104 fures
1149 1039 1258 1104 aerarii

163 1151 282 1227 poterat
310 1146 485 1212 audaciores
520 1150 625 1213 facere.
684 1149 842 1213 Excidisse
874 1160 977 1213 autem
1007 1149 1259 1213 coniunctionem

163 1262 233 1337 post
263 1256 432 1336 τροςέχουσι
459 1266 576 1323 certum
604 1267 689 1344 puto.
737 1259 876 1344 Reliquis
900 1258 1091 1343 probabilius
1115 1258 1256 1342 Weyers.

163 1367 330 1446 τροςέχουσι
361 1369 390 1430 δὲ
417 1371 477 1432 uxi.
524 1370 650 1454 Optime
678 1369 760 1433 dicta
789 1372 806 1454 b
835 1373 894 1432 24:
918 1371 963 1440 τίς
985 1366 1030 1434 οὖν
1055 1376 1086 1432 et
1111 1391 1192 1453 quae
1216 1390 1259 1430 se·

164 1488 311 1560 quuntur.

206 1590 298 1671 §25.
345 1589 435 1652 Unus
459 1590 667 1654 Nicomachus
692 1590 855 1676 pecuniam
879 1598 1046 1673 acceperat.
1074 1590 1188 1674 Itaque
1204 1612 1259 1673 pro

161 1695 236 1761 οὗτοι
271 1698 360 1761 scrib.
393 1700 428 1764 οἱ.
475 1700 512 1762 In
543 1700 648 1764 eadem
679 1700 815 1763 sectione
848 1699 997 1763 vocabula
1026 1699 1076 1763 κάι
1100 1704 1158 1763 τῶν
1181 1699 1259 1777 ἱερῶν

163 1814 304 1891 suspecta
327 1817 414 1885 sunt;
438 1832 499 1873 non
523 1810 603 1873 enim
624 1819 704 1874 recte
725 1817 925 1894 opponuntur
941 1812 964 1874 οἱ
986 1809 1063 1885 νόμοι
1079 1816 1112 1872 et
1125 1810 1169 1872 τά
1185 1805 1257 1887 ἱερά.

164 1918 229 1980 Aut
262 1917 316 1981 illa
345 1919 609 1997 omittendam,
633 1922 680 1984 ἀι.
704 1925 760 1984 τῶν
783 1918 807 1983 θ’
829 1920 911 1983 ὁσίων
934 1919 983 1982 nal
1008 1925 1063 1983 τῶν
1086 1919 1165 1997 ἱερῶν
1189 1918 1260 1981 scri-

163 2026 309 2091 bendum.
860 2017 863 2021 ⁵

154 2137 157 2143 ’
207 2139 224 2221 b
247 2139 299 2201 27.
345 2139 399 2212 ὡς,
423 2139 474 2202 ε’ἀν
497 2145 545 2204 νῦν
568 2141 658 2203 αὐτοῦ
682 2139 840 2218 φείσησθε,
861 2135 939 2209 οιύύις
960 2138 1103 2202 ἀποδώσει
1122 2140 1181 2209 τάς
1200 2136 1261 2217 χά-

162 2270 254 2325 pirae.
301 2245 460 2311 Pertiuent
491 2247 529 2310 ad
560 2248 608 2311 2ιά
637 2249 668 2311 τί
697 2248 723 2311 δ’
753 2247 789 2311 ἀι
819 2272 864 2319 τις
887 2249 1116 2329 ἀποψηφίσαιτο
1137 2245 1259 2324 τούτου,

162 2357 255 2439 226.
288 2355 382 2419 Haud
413 2357 475 2419 scio
500 2379 538 2420 an
563 2355 714 2420 Graecum
737 2358 866 2420 nonsit
892 2356 939 2420 tat
962 2362 1046 2421 τοῦτο
1070 2356 1261 2436 ἀποψηφίζο-

163 2489 218 2544 aar
249 2470 354 2540 αὐτοῦ,
378 2469 414 2539 ὡς
438 2468 594 2548 ἀποδώσει,
620 2467 760 2550 quamvis
783 2467 815 2530 in
842 2467 936 2531 simili
959 2467 1113 2530 sententia
1138 2469 1191 2530 14.
1217 2468 1258 2529 41

163 2575 245 2639 idem
268 2576 398 2660 legatur.
445 2580 505 2649 Ὡς
528 2600 646 2662 semper
669 2583 838 2661 usurpatur
860 2577 894 2639 iu
917 2599 949 2640 re
973 2577 1124 2661 cogitata,
1145 2599 1211 2640 non
1227 2578 1261 2640 in

163 2709 196 2749 re
226 2686 292 2770 ipsa
320 2689 385 2771 (per
408 2692 470 2769 se),
496 2688 549 2751 sed
573 2687 673 2772 qualis
697 2710 762 2751 esse
786 2686 936 2763 creditur,
953 2694 1016 2750 -aut
1039 2694 1077 2750 ut
1099 2687 1193 2750 verbo
1217 2686 1262 2750 di-

164 2818 247 2859 cam:
277 2797 428 2882 particula
451 2799 620 2863 subiectiva
644 2806 699 2861 est.
746 2798 805 2861 Pro
829 2795 905 2868 ύτως
931 2804 1034 2860 autem
1058 2798 1095 2867 ἀς
1118 2819 1191 2859 cum
1214 2797 1261 2860 iu·

165 2913 234 2969 turo
257 2907 416 2972 indicativi
439 2932 507 2972 raro
529 2911 687 2992 iungitur3
712 2919 758 2972 est
774 2907 828 2971 ubi
844 2906 919 2977 ὅπως
936 2907 1161 2970 restituendum
1179 2907 1262 2972 vide·

165 3024 251 3094 atur,
283 3024 320 3081 ut
351 3022 403 3082 31.
437 3023 490 3082 24.
538 3020 658 3082 Diversi
689 3018 749 3082 loci
780 3025 871 3095 sunt,
904 3017 959 3080 ubi
991 3025 1038 3080 est
1061 3026 1131 3100 post
1153 3016 1261 3094 μέλει,

165 3136 253 3191 ποιεῖν
281 3127 359 3191 Xen.
385 3128 445 3191 ΟΡ.
470 3128 532 3192 ΙΙΙ.
559 3132 588 3192 2.
617 3132 674 3206 13,
700 3128 788 3191 Dem.
815 3130 844 3190 5.
871 3130 923 3190 24.
972 3126 1040 3189 Hoc
1063 3126 1130 3190 loco
1157 3126 1262 3210 legen-

165 3238 240 3302 dum
262 3239 389 3302 tortasse
411 3240 616 3311 ἀποδύσοντος.
655 3238 800 3301 Variatur
822 3238 854 3323 in
879 3237 927 3299 bis
952 3236 1139 3300 sectionibus
1163 3243 1262 3298 struc-

165 3358 250 3412 tura:
275 3350 322 3414 tat
345 3352 375 3412 τί
398 3349 422 3412 δ’
446 3349 481 3414 ἀν
504 3374 547 3420 τις
571 3344 798 3428 accusabam
820 3346 942 3423 τούτους
967 3347 1084 3425 τύτερον
1102 3348 1139 3416 ὡς
1158 3346 1262 3424 ἀνδρὸς

165 3462 298 3537 ἀγοιύού;
321 3499 366 3509 -
388 3461 460 3525 ἀλλ’
483 3458 525 3526 ύτι
548 3463 695 3540 χρήματα
717 3458 916 3534 deducebam
940 3457 1024 3521 ἀλλά
1047 3457 1094 3519 aaa
1114 3457 1181 3526 τοὺς
1195 3480 1263 3534 τρο·

165 3570 284 3647 γύνούς;
307 3609 352 3620 -
373 3572 443 3635 ἀλλ’
466 3573 502 3641 ὡς
530 3609 574 3619 -
605 3568 684 3641 οιύύις
707 3568 902 3638 ἀποδώσοντος
924 3568 980 3638 τάς
1003 3565 1149 3647 χάριτοις;
1173 3565 1262 3630 Loco

165 3680 256 3744 modo
280 3703 316 3744 ex
342 3684 382 3744 14
406 3681 591 3751 laudatoris
616 3679 831 3744 omittendum.
1042 3666 1045 3671 ¹

210 3793 227 3875 b
251 3795 302 3855 28.
349 3794 398 3856 nal
418 3795 474 3864 τάς
497 3793 551 3870 μὲν
574 3792 674 3871 ἀρχάς
695 3790 750 3854 ὑπὸ
769 3796 824 3854 τῶν
843 3787 974 3852 τοιούτων
996 3787 1112 3863 ἡγεῖσθε
1131 3786 1263 3866 διοοφύεί·

165 3903 278 3984 ccclxi,
299 3906 423 3974 adroic
447 3903 476 3965 δὲ
498 3903 609 3973 τούτοις
634 3900 798 3965 πιστεύετε.
846 3898 925 3961 Cum
949 3896 1071 3959 Dobreo
1092 3896 1262 3980 legendum

167 4011 258 4076 οιύτοί.

211 4122 303 4204 230.
350 4119 539 4183 Concinnior
569 4125 649 4181 esset
680 4116 837 4200 oppositio
868 4115 894 4177 si
926 4135 981 4200 pro
1013 4113 1082 4194 ὑπὲρ
1106 4113 1262 4196 legeretur

167 4228 237 4307 ύτύ,
268 4227 368 4313 idque
393 4229 425 4292 in
457 4228 506 4291 his
536 4225 707 4290 artificiosis
737 4224 896 4288 antithetis
928 4222 1140 4307 reponendum
1171 4231 1259 4306 puto.

162 4337 221 4404 Ὃν
246 4338 299 4404 ἔδει
328 4339 382 4403 ὑπὸ
402 4345 452 4403 τοῦ
480 4338 570 4414 δήμου
593 4336 752 4416 epitectus,
776 4331 861 4405 οὗτος
884 4333 933 4397 τὸν
956 4333 1043 4410 δῆμον
1066 4334 1262 4410 συγκαταλύ-
