2850 5024
612 421 675 481 219

97 641 154 688 σας
184 618 342 697 Φαίνεται,
375 619 476 700 ipsum
509 617 597 680 illum
629 618 796 701 populum,
831 640 848 680 a
879 639 940 699 quo
965 614 1138 699 periculum
1162 613 1190 675 ei

98 727 292 809 imminebat,
318 728 424 804 eiecit,
449 750 511 789 non
535 750 552 788 a
577 727 692 811 populo
716 727 879 789 damnatus
904 734 967 802 est,
985 725 1037 787 sed
1055 724 1189 808 populus

99 838 136 902 ab
174 838 242 922 ipae
274 837 400 900 eiectus
448 836 494 898 Ex
526 836 655 900 Debrei.
673 858 764 900 sensu
789 836 880 919 friget
903 835 1060 916 κρίνεσθαι,
1086 855 1189 896 verum

100 948 211 1012 fortius
242 946 426 1011 vocabulum
458 968 541 1010 nune
573 968 634 1008 non
668 945 851 1029 requiritur,
884 944 1034 1029 oppositis
1062 940 1116 1007 ύπύ
1139 947 1190 1006 τού

99 1058 190 1135 δήμου
213 1063 245 1120 et
266 1056 316 1120 τὸν
339 1057 437 1132 δῆμον.

142 1170 161 1251 d
183 1170 236 1232 31.
283 1168 345 1245 περί
366 1168 420 1240 μὲν
437 1165 568 1230 τούτων
586 1203 628 1212 -
645 1165 708 1243 περί
731 1165 760 1228 δὲ
778 1171 834 1229 τῶν
852 1164 1088 1241 ἐξαιτησομένων.
1113 1163 1188 1246 Leg.

99 1278 220 1343 τουτουί.
267 1277 362 1340 Porro
392 1277 465 1347 τινὲς
497 1276 547 1338 καί
574 1282 630 1338 τῶν
662 1276 758 1352 Φίλων
788 1275 838 1338 καί
861 1280 917 1339 τῶν
940 1276 981 1338 τοὶ
1003 1283 1056 1348 τῆς
1080 1275 1191 1345 πόλεως

100 1388 286 1467 πραττόντων
313 1388 357 1451 sie
388 1387 517 1464 dicitur,
553 1408 587 1449 ac
615 1386 640 1448 ai
665 1386 727 1449 duo
752 1385 872 1449 diversa
895 1385 1056 1448 hominum
1080 1407 1193 1467 genera

100 1497 321 1582 intellegantur
345 1499 409 1581 (καί
423 1536 469 1547 -
483 1499 556 1581 και).
604 1496 745 1560 Fortasse
777 1495 996 1575 πιπρασκόντων
1027 1495 1191 1579 legendum

100 1608 157 1693 pre
187 1609 382 1689 πραττόντων.
429 1608 545 1671 Partim
583 1608 736 1671 amicitiae
767 1629 876 1683 causa,
911 1608 1022 1691 partim
1057 1607 1190 1690 corrupti

100 1719 232 1803 pecunia
254 1718 507 1802 deprecabantur.

145 1831 239 1912 §32
286 1828 469 1912 Suspicatur
499 1828 641 1892 Debreus
674 1827 840 1912 legendum
871 1850 952 1891 csse:
978 1826 1077 1906 δεινόν,
1102 1864 1147 1873 -
1169 1826 1193 1888 εί

101 1939 203 2004 τούτου
233 1938 286 2014 ,αέν
309 1939 367 2010 ἐνὸς
391 1937 469 2008 ὄντος
492 1938 541 2001 καί
566 1937 642 2002 οὐδὲν
666 1938 721 2002 ὑπὸ
745 1946 798 2012 τῆς
822 1937 933 2008 πόλεως
954 1937 1120 2013 ἠδικημένου
1143 1938 1194 2000 οὐκ

103 2049 298 2129 ἐπεχείρησαν
321 2056 450 2112 πεῖσαι
477 2051 513 2119 cle
539 2051 598 2128 χρὴ
626 2049 797 2113 παύσασύαι
820 2050 860 2120 είς
884 2049 963 2125 ὑμᾶς
983 2045 1194 2126 ἕξωααρτοίνον·

102 2182 159 2234 τα,
184 2161 264 2236 ύμῖις
287 2160 316 2223 δὲ
339 2159 489 2231 τοσούτους
512 2160 597 2229 ὄντας
621 2160 670 2223 καί
692 2159 873 2235 ἠδικημένους
897 2159 952 2222 ὑπὸ
976 2159 1078 2223 τούτου
1094 2157 1193 2237 ζητού-

95 2294 166 2347 -σιν,
198 2271 235 2342 ύς
265 2273 297 2334 οὐ
323 2271 382 2350 χρὴ
413 2270 490 2344 δίκαν
513 2271 584 2349 παρ’
607 2273 698 2335 αὑτοῦ
721 2270 906 2347 λαμβάνειν,
930 2272 974 2334 ita
997 2277 1033 2332 ut
1057 2276 1127 2354 post
1150 2266 1195 2348 ζ-

102 2385 200 2444 τούσιν
223 2402 261 2443 ex
284 2379 493 2465 superioribus
518 2379 717 2464 intellegatur
739 2387 849 2444 πείσαι.
890 2379 950 2443 Sed
973 2385 1040 2442 tum
1065 2376 1196 2458 ζητοῦσιν

103 2488 164 2551 alio
195 2488 263 2552 loeo
291 2497 513 2573 exspectarem,
539 2488 633 2553 veluti
658 2495 727 2573 post
751 2490 830 2566 ὑμᾶς
854 2489 893 2552 δὲ.
940 2488 1101 2552 Praeterea
1124 2487 1194 2550 coll.

103 2599 136 2661 in
160 2597 260 2661 Aleib.
285 2597 311 2661 I.
337 2600 404 2682 (14)
428 2601 485 2662 20:
510 2598 580 2674 οίξιῶ
601 2600 625 2662 δ’
649 2595 786 2678 ύύνδρες
810 2599 949 2663 δικασταί
971 2636 1016 2648 -
1035 2597 1195 2678 ύρνίζεούαι

103 2705 147 2773 ύτι
169 2706 272 2772 τούτου
295 2708 349 2784 μὲν
372 2711 422 2773 οὐκ
444 2709 639 2790 ἐπεχείρησαν
664 2709 794 2783 δεηθῆναι
818 2747 863 2756 -
888 2715 977 2772 πονεῖν
1000 2709 1041 2772 τίι
1065 2706 1196 2780 ὑπὸτῆς

104 2817 216 2888 πόλεως
243 2817 501 2900 προςταττύροενα,
532 2818 611 2895 ὑμᾶς
643 2818 673 2883 δὲ
702 2819 808 2882 πείύειν
839 2824 990 2899 πειρῶνται
1019 2821 1056 2889 ὡς
1084 2819 1115 2881 οὐ
1137 2817 1196 2896 χρὴ

104 2927 188 3006 παρὰ
216 2930 273 2990 τῶν
303 2925 473 2991 ύδιαούντων
504 2927 582 3003 δίκην
612 2929 782 3005 λαμβύναν
812 2929 906 2992 lectio
929 2931 979 2993 ούκ
1002 2928 1197 3008 ἐπεχείρησαν

105 3037 213 3101 aeream
233 3036 288 3118 (ita
308 3035 389 3100 enim
411 3036 514 3121 codd.)
535 3045 566 3101 et
586 3039 761 3102 coniectura
779 3038 895 3118 ζητοῦσι
917 3038 1049 3103 τείνειν
1068 3040 1104 3109 ὡς
1123 3037 1197 3100 satis

108 3146 252 3231 praesidii
287 3147 412 3211 habent.
460 3148 498 3212 In
540 3149 671 3213 lectione
707 3149 831 3214 Scheibi
864 3151 961 3234 igitur
994 3152 1031 3220 ὡς
1054 3151 1113 3229 χρή
1130 3155 1201 3232 post

105 3258 213 3321 δεῖσθαι
236 3263 283 3320 est
306 3255 530 3334 omittendum
558 3258 676 3342 reliqua
700 3265 781 3322 recte
806 3281 837 3322 se
860 3258 983 3323 habent.
1031 3258 1080 3321 Sic
1105 3247 1196 3321 etiam

107 3367 253 3432 Cebetas.
299 3367 498 3432 Conveniunt
530 3391 606 3452 quae
639 3370 689 3432 hic
721 3369 869 3454 leguntur
897 3393 958 3433 nori
983 3362 1104 3433 tantum
1129 3391 1197 3432 cunr

107 3477 255 3540 orationis
279 3477 312 3541 in
335 3476 528 3541 Alcibiadem
552 3477 572 3542 l.
597 3477 637 3555 l.,
662 3478 716 3542 sed
741 3480 831 3542 etiam
856 3502 925 3543 eum
949 3478 1087 3563 proxima
1106 3479 1199 3563 (κατα

108 3587 247 3662 Φίλωνος,
273 3588 348 3669 31),
372 3588 389 3670 d
412 3590 472 3665 32,
498 3610 542 3672 sq.
582 3661 585 3664 ⁴

151 3699 169 3780 b
191 3699 244 3760 33.
290 3699 349 3778 χρὴ
372 3698 482 3773 τοίνυν,
501 3696 596 3778 ύσπερ
611 3698 649 3762 ίαν
663 3698 780 3770 τούτους
796 3699 880 3778 ύρίιτε
896 3698 1044 3777 προθύμως
1059 3699 1199 3778 σώζοντας

107 3806 173 3876 τοὺς
192 3807 312 3888 Φίλους,
336 3804 407 3871 ούτω
427 3807 476 3871 καί
501 3810 581 3885 ὑμᾶς
600 3809 666 3880 τοὺς
687 3809 805 3889 ἐχθροὺς
821 3810 1004 3889 τιμωρεῖσθαι
1010 3858 1019 3886 ,
1040 3806 1072 3872 ού
1087 3809 1199 3877 είδύτας

108 3912 150 3979 ίτι
184 3915 324 3988 τούτοις
354 3917 504 3996 πρύτοις
528 3915 626 3997 ἄνδρες
649 3919 783 3996 ύμείνους
803 3917 896 3993 δόξετ’
913 3914 999 3994 εἶναι,
1021 3921 1095 3982 ε’πύιν
1118 3919 1201 3997 παρα

108 4028 163 4087 τῶν
178 4025 348 4090 ύδικούντων
369 4025 447 4100 δίκην
465 4027 656 4103 λαμβάνοιτο.
682 4028 720 4091 In
737 4028 784 4090 bis
800 4027 837 4090 ύν
854 4029 937 4110 (ante
951 4028 1082 4111 τούτους)
1100 4028 1201 4091 delerr-

109 4131 200 4210 dum;
225 4135 340 4198 nemini
361 4135 558 4219 persuadebit
576 4136 736 4200 Sclieibius
755 4136 977 4221 propemodum
997 4139 1200 4201 necessarium

28 4310 32 4317 ,
109 4265 174 4306 ease
198 4251 230 4306 et
252 4244 445 4328 iungendum
468 4267 539 4308 cum
562 4245 721 4325 σώζοντας,
746 4270 807 4324 „ne
832 4245 1042 4329 deprecatores
1067 4246 1113 4309 illi
1132 4269 1201 4309 vere

109 4351 334 4417 Nicomachum
366 4354 535 4417 serraturi''
562 4354 734 4418 videantur.
780 4354 883 4435 Σύζω,
908 4363 945 4417 ut
968 4355 1084 4433 dibeat,
1115 4357 1201 4419 πείύω
