2850 5024
730 395 793 455 146

220 593 289 676 quis
312 591 405 655 semel
429 590 577 675 deliquit,
601 611 664 652 uno
688 597 767 652 certe
791 589 895 673 aliquo
915 597 1050 674 tempore
1067 591 1183 654 factum
1202 590 1244 652 sit
1262 611 1316 652 ne·

218 724 299 764 cesse
316 709 370 764 est.
397 700 584 764 Affirmative
596 698 679 761 dicta
691 699 765 762 haec
777 700 935 763 continent
948 700 1169 764 confessionem
1182 699 1312 776 erroris,

216 812 269 875 sed
293 811 385 874 simul
408 811 661 894 deprecationem.
709 809 793 872 Haec
825 811 879 893 qui
903 811 1026 895 scripsit
1049 810 1159 895 Lysiae
1182 833 1314 874 consue·
1352 853 1353 856 =

215 921 356 984 tudinem
386 919 508 983 dicendi
539 921 676 983 imitatus
708 927 771 996 est,
797 919 850 983 sed
874 921 968 984 simul
990 921 1022 984 in
1046 922 1134 1004 peius
1157 921 1312 998 mutavit,

216 1032 253 1095 cf.
279 1034 331 1094 31.
360 1034 392 1094 1:
416 1034 474 1110 οὐχ
496 1030 524 1094 ἕν
547 1055 575 1095 τι
592 1030 676 1106 μόνον
693 1031 777 1094 cintia
793 1032 1052 1111 cohaereticum
1068 1035 1156 1098 ἐστιν.
1181 1035 1235 1095 24.
1251 1033 1310 1095 13:

215 1142 293 1216 ὑμᾶς
317 1145 454 1219 carpetrae
477 1142 581 1204 πείθειν
603 1141 754 1211 τοσούτους
777 1139 862 1213 ὄντος
886 1136 925 1212 εἷς
949 1142 1000 1223 ὤν,
1025 1142 1062 1205 cs.
1087 1141 1129 1206 ib.
1155 1144 1196 1203 22
1223 1148 1254 1204 et
1277 1144 1310 1203 9.

214 1251 360 1315 Eiusdem
383 1251 498 1314 farinae
522 1258 567 1314 est
589 1252 606 1335 b
632 1252 689 1313 16:
714 1253 762 1314 xci
787 1251 810 1313 εἰ
834 1252 915 1314 αὐτοὶ
938 1259 1066 1316 τοσοῦτοι
1086 1251 1165 1323 ὄντες
1184 1276 1211 1316 κ.
1233 1277 1262 1315 τ.
1284 1251 1310 1314 ἓ.

259 1361 317 1425 Sed
341 1363 416 1425 haec
438 1362 550 1446 opinor
572 1361 645 1424 satis
669 1361 843 1445 speciminis
866 1361 944 1424 loco.

258 1470 296 1534 In
327 1470 500 1535 definienda
530 1493 620 1534 causa
650 1492 712 1533 non
742 1471 845 1533 minus
869 1493 997 1554 magnae
1021 1471 1206 1535 oboriuntur
1230 1471 1311 1535 diffi-

213 1580 350 1645 cultates.
403 1584 460 1645 Ter
483 1603 605 1645 causam
629 1579 707 1644 dixit
730 1580 934 1664 Polystratus.

257 1690 360 1753 Prima
383 1713 475 1754 causa
497 1698 544 1753 est
566 1689 690 1774 Oropia.
738 1691 863 1754 Prodita
886 1699 933 1755 est
952 1689 1075 1776 Oropus
1100 1690 1149 1754 Ol.
1167 1691 1270 1756 XCII.
1288 1696 1304 1754 1

212 1799 249 1862 ad
280 1801 371 1863 finem
402 1808 544 1884 vergente
572 1800 651 1886 (411
677 1822 704 1862 a.
729 1799 776 1882 O.)
800 1800 891 1884 paulo
916 1808 985 1864 ante
1011 1802 1117 1886 populi
1140 1802 1308 1885 imperium

211 1908 375 1974 sublatum.
424 1909 530 1988 Quum
553 1908 748 1993 Thucydides
771 1910 855 1974 illam
880 1911 1082 1996 proditionem
1109 1913 1222 1976 factam
1239 1935 1306 1975 esse

210 2019 294 2082 dicat
323 2025 514 2090 τελευτῶντος
538 2019 588 2093 ἤδη
611 2025 662 2084 τοῦ
685 2026 825 2100 χειμῶνος
849 2018 952 2102 (VIII.
979 2022 1053 2104 60),
1078 2022 1227 2106 populare
1253 2044 1306 2084 au·

211 2135 273 2192 tem
295 2129 457 2212 imperium
481 2128 637 2192 sublatum
662 2130 702 2191 sit
724 2129 802 2191 veris
818 2130 921 2204 initio,
939 2152 1043 2192 mense
1058 2129 1304 2214 Elaphebolione

212 2237 263 2320 (cf.
293 2236 439 2314 eluisse,
471 2237 529 2322 lup.
563 2237 636 2301 belli
667 2237 770 2321 Pelop.
800 2261 829 2322 p.
857 2241 937 2315 124,
962 2238 1117 2303 Pritzsche
1140 2241 1180 2304 ad
1204 2243 1302 2306 Arist.

209 2347 330 2411 Thesm.
356 2371 386 2432 p.
411 2349 505 2431 308),
529 2346 739 2431 Polystratus,
762 2349 899 2430 quamvis
916 2350 1021 2411 statim
1035 2359 1105 2433 post
1121 2348 1217 2434 Oropi
1234 2373 1305 2435 pro·

209 2458 358 2522 ditionem
388 2459 531 2535 redierit,
563 2466 664 2521 tamen
697 2457 754 2521 sub
787 2457 1021 2543 quadringentis
1051 2467 1211 2524 accusatus
1245 2468 1302 2524 est.

209 2567 420 2632 Damnatusne
444 2576 510 2631 tum
533 2568 626 2631 fuerit
648 2590 704 2631 nec
728 2591 766 2632 ne
789 2591 852 2632 non
875 2576 1003 2633 constat.
1041 2558 1128 2654 Oi.'§
1153 2572 1171 2632 6
1193 2579 1224 2634 et
1247 2573 1302 2634 22.

255 2679 360 2743 Altera
390 2681 542 2742 accusatio
573 2678 745 2763 pertinebat
776 2678 814 2741 ad
846 2687 963 2764 partem
993 2703 1086 2764 quam
1109 2680 1304 2764 Polystratus

208 2789 358 2853 habuerat
383 2791 416 2853 in
442 2791 571 2874 imperio
594 2790 896 2874 quadringentorum.
943 2790 1013 2875 Ipse
1037 2792 1069 2854 in
1095 2790 1304 2875 quadringen-

208 2899 249 2962 tis
271 2901 387 2977 suerat,
412 2901 464 2964 sed
487 2902 586 2965 lectus
604 2909 668 2965 erat
689 2924 706 2965 a
725 2901 902 2976 tribulibus.
938 2902 1033 2966 Plane
1050 2902 1082 2965 id
1099 2908 1217 2986 pugnat
1233 2923 1307 2964 cum

209 3010 247 3073 iis
280 3033 356 3094 quae
388 3010 462 3075 ahbi
491 3011 657 3074 traduntur
688 3013 715 3095 (q
746 3014 783 3087 2,
808 3011 905 3075 Thuc.
926 3010 1018 3074 VIII.
1048 3014 1077 3075 6.
1105 3014 1146 3096 7).
1192 3009 1307 3094 Itaque

210 3118 406 3183 Hermannus
430 3120 566 3203 (Griech.
591 3119 817 3201 Staatsalterth.
842 3122 1026 3207 1161111)
1051 3145 1122 3185 eum
1137 3122 1219 3184 inter
1234 3120 1308 3197 ξυγ·

207 3230 346 3310 γραφέως
376 3251 393 3291 a
432 3229 548 3313 populo
586 3229 699 3307 lectos,
744 3252 876 3313 quorum
919 3231 1047 3294 consilio
1080 3230 1302 3315 quadringenti

209 3337 348 3401 instituti
371 3337 450 3413 siut,
472 3337 565 3401 luisse
582 3346 686 3422 putat;
711 3338 748 3402 cf.
766 3339 861 3402 Thuc.
878 3339 970 3403 VIII.
990 3342 1041 3405 67.
1079 3339 1178 3405 Nobis
1196 3349 1309 3403 contra

212 3445 343 3510 videtur.
378 3446 508 3530 Peregre
528 3447 609 3510 enim
628 3447 723 3510 fuisse
740 3446 948 3531 Polystratum
968 3470 1029 3532 quo
1048 3456 1184 3533 tempore
1200 3471 1309 3534 respu-

207 3556 288 3620 blica
303 3557 336 3620 in
356 3557 649 3642 quadringentorum
668 3565 852 3642 potestatem
867 3560 1055 3642 perveniret,
1069 3559 1240 3624 secundum
1253 3582 1306 3638 ea,

206 3687 285 3749 quae
308 3666 399 3729 modo
423 3665 572 3746 diximus,
597 3665 763 3730 admodum
789 3648 947 3751 probabile
967 3676 1030 3744 est3
1053 3668 1161 3751 utique
1177 3689 1213 3731 eo
1229 3675 1309 3732 tem·

207 3798 280 3860 pore
303 3798 365 3860 quo
389 3777 515 3841 infamia
537 3775 653 3861 Oropia
671 3777 884 3861 premebatur,
900 3800 963 3841 non
979 3776 1175 3860 ξυγγροοφεύς
1191 3777 1306 3842 fuisset

206 3887 331 3951 electus.
377 3885 508 3949 Ratione
531 3886 637 3950 habita
660 3909 765 3950 eorum
790 3908 867 3970 quae
890 3888 983 3950 refert
1003 3886 1198 3971 Thucydides
1214 3909 1240 3949 c.
1261 3891 1305 3950 93

205 4017 253 4058 res
284 3996 388 4079 potius
419 3997 463 4059 sic
492 4019 523 4059 se
555 3995 698 4060 habuisse
731 3996 869 4073 videtur,
895 4004 931 4058 ut
953 3997 1050 4060 fracto
1072 3997 1135 4060 iam
1158 3994 1307 4078 quadrin-

205 4113 368 4190 gentorum
392 4105 520 4190 imperio
544 4104 661 4188 collega
685 4105 723 4169 ab
747 4105 795 4168 his
819 4104 972 4182 adscitus,
990 4104 1083 4169 simul
1100 4127 1117 4168 a
1132 4103 1305 4183 tribulibus

204 4217 392 4293 κοοτοολογεύς
423 4216 463 4279 sit
493 4222 612 4279 creatus
637 4217 666 4299 (q
690 4217 753 4299 14).
799 4200 924 4279 Iltenim
948 4237 1044 4298 quum
1067 4213 1198 4277 discidio
1221 4215 1307 4278 inter

206 4326 446 4410 quadringentos
470 4332 537 4388 orto
560 4325 763 4389 Theramenes
787 4325 947 4389 castellum
969 4326 1000 4388 in
1025 4323 1173 4389 Iletirrnea
1199 4324 1306 4389 demo·
