2850 5024
642 390 682 451 35

120 589 201 654 enim
225 590 263 654 ad
287 590 376 654 fidem
400 590 624 655 conciliandam
647 612 753 674 parum
777 597 882 695 aptum
899 595 993 664 esset;
1011 610 1074 650 rem
1090 598 1206 672 gestam

120 724 189 764 vere
222 711 390 765 enarratam
422 725 484 766 non
516 701 646 766 creduut
677 700 794 764 indices
825 699 884 762 nisi
915 699 999 762 illam
1029 698 1086 762 sub
1110 699 1207 761 oculis

122 814 210 876 sitam
235 814 322 896 quasi
346 813 608 898 contemplentur,
633 820 740 895 estque
763 811 818 873 illa
840 811 955 887 virtus,
980 832 1071 893 quam
1096 809 1209 894 Diony·

121 925 186 988 sius
210 924 311 988 Halia.
336 926 373 989 de
396 925 467 1010 Lys.
493 949 518 989 c.
545 931 563 987 ὃ
588 925 782 987 vehementer
804 923 836 986 in
861 931 965 986 nostro
981 931 1100 985 oratore
1116 921 1209 985 admi·
1256 995 1260 1002 ,

121 1047 224 1099 ratur:
249 1039 262 1100 ὁ
285 1037 314 1101 δὲ
339 1037 483 1117 τροςὲχιον
510 1039 562 1111 τὴν
584 1035 706 1101 διάνοιαν
729 1042 788 1106 τοῖς
812 1035 919 1098 Λοσίοο
945 1033 1062 1110 λόγοις,
1087 1036 1144 1113 οὐχ
1166 1031 1209 1097 οὕ-

122 1173 179 1218 τως
202 1148 285 1213 ἔσται
308 1148 425 1223 σκαιός,
450 1148 467 1224 ἢ
491 1148 676 1229 δνςοὶρεστος,
698 1148 713 1221 ἢ
734 1146 843 1224 βραδὺς
863 1146 911 1209 τὸν
931 1152 1008 1222 νοῦν,
1025 1145 1054 1216 ὃς
1069 1148 1126 1224 οὐχ
1143 1145 1208 1209 ὑσο-

122 1261 253 1338 aloem
276 1259 316 1324 τοὶ
340 1259 502 1336 δηλούμενα
524 1261 560 1331 ὡς
584 1259 747 1336 γιγνόμενα
770 1259 851 1337 ὅραι,
876 1258 924 1321 καὶ
941 1256 1034 1336 ὥσπερ
1054 1261 1209 1334 παροῦσιν,

122 1365 162 1440 οἷς
193 1369 229 1434 ἂν
256 1371 270 1434 o‘
293 1373 381 1450 ῥήτωρ
403 1369 527 1450 alonim,
551 1371 703 1450 τροςώτιοις
727 1370 847 1446 ὁμιλεῖν.
891 1367 1140 1451 interpolationis
1166 1389 1212 1429 ve-

125 1482 252 1564 stigium
278 1471 409 1564 agnosco
433 1481 465 1544 in
490 1481 589 1544 verbis
613 1480 662 1545 καὶ
686 1483 757 1558 ἐμοῦ
768 1480 948 1558 οὶμννομένοο
961 1488 1029 1563 post
1044 1486 1105 1542 tam
1124 1478 1213 1541 breve

124 1591 320 1655 intervallum
344 1591 491 1675 repetitis.

171 1702 217 1766 Ex
239 1702 278 1765 iis
302 1724 380 1785 quae
402 1703 549 1787 leguntur
571 1705 588 1787 p
612 1705 652 1765 25
677 1704 780 1787 (καίτοι
804 1710 863 1776 πῶς
887 1703 975 1780 εἰκός,
1001 1728 1027 1768 κ.
1051 1728 1080 1768 τ.
1104 1704 1138 1786 ἒ.)
1164 1725 1214 1786 ap-

120 1821 228 1900 paret,
265 1812 419 1878 Simonem
454 1814 647 1878 contendisse
684 1822 832 1878 trecentas
865 1838 896 1878 se
928 1815 1087 1878 drachmas
1119 1836 1213 1898 puero

126 1925 286 1989 donavisse
310 1925 349 1988 ad
373 1926 438 1989 eius
463 1948 595 1990 amorem
619 1927 678 1990 sibi
698 1926 921 1990 conciliandum
932 1953 941 2004 ;
959 1927 1037 1990 hanc
1054 1926 1213 2010 pecuniam

126 2060 159 2100 se
182 2043 288 2121 postea
310 2060 513 2122 recuperasse.
549 2037 607 2101 His
632 2060 649 2100 a
672 2060 720 2102 me
743 2038 916 2122 praemissis
932 2061 1015 2101 nunc
1031 2037 1121 2101 verba
1138 2059 1215 2120 quae

124 2149 214 2213 initio
234 2149 377 2213 sectionis
399 2148 542 2212 laudatae
560 2149 723 2232 leguntur:
748 2150 798 2212 οὐκ
821 2147 937 2228 ἐξαρκεῖ
953 2150 1016 2229 περὶ
1039 2149 1140 2213 τούτου
1163 2149 1214 2223 μό-

126 2285 171 2324 νον
196 2263 275 2340 αὐτῷ
298 2261 479 2340 ψεύσασθαι,
505 2260 567 2340 περὶ
591 2266 641 2325 τοῦ
664 2260 811 2324 δεδωκέναι
833 2261 868 2324 τὸ
890 2260 1039 2341 ἀργύριον,
1063 2263 1147 2327 ἄλλα
1166 2263 1215 2326 καὶ

129 2371 297 2448 κεκομίσθαι
320 2371 411 2451 φησίν
430 2370 548 2433 nullam
571 2369 704 2433 offerunt
727 2370 954 2435 obscuritatem.
1001 2371 1059 2436 Sed
1084 2374 1215 2456 primurn

129 2483 208 2546 lecta
231 2481 392 2544 offendunt
399 2506 408 2558 ;
432 2481 560 2544 verbum
582 2483 749 2558 κεκομίσθαι
772 2504 834 2544 non
858 2494 961 2567 aptum
983 2492 1044 2560 est;
1062 2507 1124 2548 non
1141 2491 1216 2549 occi-

127 2596 234 2678 pieadi
255 2591 306 2656 sed
334 2594 536 2676 recuperandi
557 2592 642 2655 notio
665 2593 834 2656 necessaria
856 2600 919 2670 cst;
944 2594 1066 2678 scripsit
1089 2596 1215 2660 sortasse

129 2704 238 2789 Lysias
262 2703 516 2779 κοὶνακεκομίσθαι.

175 2816 267 2899 ῤ29.
313 2813 446 2888 ἀσμένας
476 2810 512 2876 ἄν
542 2837 582 2890 με
604 2808 677 2876 εἶδεν
700 2813 914 2897 corrigendum
938 2815 1059 2879 videtur
1081 2817 1216 2893 ἄσμενος.

130 2925 182 2990 Ita
205 2924 285 2989 enim
310 2923 409 2987 solent
432 2924 530 2986 Attici
553 2924 664 3007 reliqui
689 2933 718 2987 et
742 2923 849 3009 Lysias
876 2935 1087 3011 praeterquam
1107 2930 1156 2992 13.
1178 2930 1216 2990 ll

131 3047 163 3100 et
187 3038 239 3098 al.
267 3035 317 3097 18.
360 3033 408 3097 De
432 3033 636 3139 Xenopbonte
660 3036 697 3098 cf.
722 3035 862 3099 Diodori.
888 3037 927 3100 ad
943 3037 1065 3101 Memm.
1085 3038 1147 3101 ΙΙΙ.
1168 3042 1217 3102 ll.

134 3150 195 3224 10,
228 3146 280 3229 qui
311 3144 401 3208 docet
431 3144 608 3210 adverbium
640 3146 770 3210 subinde
796 3169 814 3210 a
837 3147 968 3212 librariis
992 3172 1047 3233 pro
1070 3149 1218 3214 adiectivo

132 3256 337 3321 substitutum
361 3277 443 3333 esse,
469 3253 606 3340 exemplo
628 3280 700 3322 usus
726 3258 794 3321 loco
818 3259 878 3322 GP.
896 3260 934 3324 V.
952 3265 982 3324 4.
1001 3264 1038 3339 6,
1056 3262 1111 3326 ubi
1126 3263 1219 3346 vulgo

132 3370 192 3448 χρὴ
221 3365 353 3444 ἀσμένως
385 3367 518 3451 legitur,
551 3368 603 3432 sed
633 3379 776 3453 corrupta
800 3369 890 3434 lectio
913 3373 1131 3452 χρησαμένους,
1156 3397 1220 3459 per-

134 3479 260 3542 mutatis
292 3479 412 3543 duabus
443 3479 568 3558 litteris,
592 3503 694 3545 veram
717 3491 866 3547 monstrat
891 3486 950 3563 χρὴ
972 3485 1123 3562 ἀσμένους.
1170 3486 1221 3549 Ad

133 3595 275 3653 nostrum
305 3590 406 3653 locum
439 3590 475 3653 cf.
512 3593 539 3654 1.
574 3594 632 3654 12:
662 3593 774 3669 οὲσμένκ
804 3619 843 3670 με
874 3595 1005 3674 ἑορακοῖοι
1035 3594 1140 3671 ἥκοντα
1174 3597 1221 3661 διὰ

133 3700 245 3780 χρόνον.
271 3703 323 3764 22.
353 3703 408 3763 ld:
434 3699 552 3778 ἄσμενοι
575 3703 630 3775 τοὶς
654 3705 807 3784 συμφορὰς
830 3705 885 3774 τας
910 3706 1051 3786 ὑμετέρας
1075 3709 1178 3786 ὁρῶσιν.

179 3812 197 3894 d
219 3813 260 3874 36
284 3811 316 3874 id
340 3835 432 3895 agens
456 3819 558 3875 orator
581 3820 617 3875 ut
640 3837 671 3876 se
694 3836 757 3877 non
782 3815 923 3899 petivisse
939 3816 992 3878 sed
1008 3818 1138 3901 petitum
1156 3841 1220 3882 esse

99 3970 102 3977 .
134 3921 340 4000 demonstret,
366 3923 506 3986 maleficii
530 3924 678 4002 alicuius,
702 3926 822 4009 inquit,
848 3936 987 3991 auctores
1000 3937 1073 3992 sunt
1088 3953 1150 3993 non
1167 3931 1221 4014 qui

133 4033 260 4118 fugiunt
283 4034 337 4097 sed
360 4034 413 4117 qui
438 4034 652 4117 insequuntur.
701 4040 746 4100 Οὐ
766 4013 855 4101 τοίνυν
876 4044 977 4102 ταῦτα
995 4039 1108 4123 εἰκότα,
1122 4040 1221 4115 ἄλλοις

133 4144 170 4208 δὲ
201 4146 280 4223 παρ’
311 4147 427 4209 αὐτῶν
457 4144 638 4224 πέπρακται,
665 4148 750 4212 ἄλλα
772 4149 998 4226 καταλαβόντες
1023 4151 1056 4215 τὸ
1079 4151 1221 4233 μειράκιον

133 4257 168 4321 ἐκ
194 4265 247 4330 τῆς
270 4257 331 4325 ὁδοῖο
355 4253 425 4333 ἦνον
447 4256 512 4338 βία.
559 4256 608 4320 Sic
632 4258 809 4337 Palatinus;
835 4261 898 4341 τερ)
923 4265 1017 4326 αὐτῶν
1042 4285 1077 4325 ex
1101 4264 1224 4329 deterio
1296 4268 1299 4273 '

134 4368 222 4432 ribus
254 4368 447 4432 adsciverunt
477 4365 657 4463 Tnlrioenses
690 4378 720 4434 et
751 4369 928 4450 Scheibius3
952 4373 984 4436 in
1008 4396 1069 4458 qua
1092 4374 1222 4439 lectione

1067 4489 1104 4546 3*
