2850 5024
742 311 804 372 176

229 501 374 566 Eleusine
402 503 605 580 obsidendos,
639 503 757 568 dictum
792 504 931 567 similiter
953 512 1046 588 atque
1069 508 1093 571 οἱ
1117 509 1178 572 ἀπδ
1205 519 1326 585 Φυλῆς,

230 613 254 674 οι’
277 613 486 693 danemarcia,
515 615 539 677 οἱ
567 615 595 676 έν
619 611 720 695 ἀστει,
746 615 770 677 οἱ
793 616 948 692 Μαραθῶνι
971 615 1021 678 καὶ
1044 624 1197 694 Σαλαμῖνι
1223 618 1326 700 (Dem.

232 723 281 783 19.
308 723 391 798 312,
416 723 469 784 Ar.
494 721 616 786 Thesm.
642 725 725 799 806,
750 722 809 806 al).
857 722 964 801 Quum
986 725 1083 807 igitur
1106 726 1129 788 ii
1153 728 1207 808 qui
1232 727 1327 792 Eleu·

229 831 338 894 siniam
367 832 554 915 susciperent
579 832 804 916 expeditionem
830 833 954 896 nomina
978 835 1106 917 professi
1130 844 1250 914 essent,
1276 837 1324 900 illi

228 962 290 1002 una
313 939 442 1023 profecti
466 948 570 1017 erant,
595 963 631 1003 ex
655 942 767 1026 quibus
792 942 930 1024 quamvis
955 943 1031 1006 effici
1056 944 1170 1028 possit,
1196 945 1252 1008 hos
1279 947 1326 1029 ip·
1368 985 1373 992 ·

228 1071 277 1111 sos
301 1070 424 1131 quoque
446 1049 559 1113 milites
583 1057 651 1113 tum
675 1052 804 1135 scriptos
829 1073 910 1127 esse,
935 1059 1037 1115 tamen
1060 1053 1158 1136 magis
1180 1054 1239 1116 hoc
1255 1077 1326 1138 per·

228 1158 332 1242 spicue
365 1157 482 1221 dietum
513 1161 570 1222 erit
603 1160 628 1222 si
660 1183 715 1243 pro
745 1163 1007 1240 ἀπογραψαμένων
1031 1162 1227 1226 substitueris
1250 1165 1327 1226 ἀπο·

228 1265 423 1346 γραφόμενοι.
467 1267 702 1347 Ἀπογράφομαι
736 1269 924 1335 Ἐλευσῑνοέδε
955 1270 1086 1334 διετίθει
1117 1271 1236 1335 dictum
1268 1272 1325 1336 sed

228 1375 317 1459 plane
341 1375 468 1439 atticum
492 1385 527 1440 ut
551 1377 812 1457 παρασκευάζομαι
836 1379 941 1444 οἴκαδε.
980 1380 1067 1443 Dem.
1093 1383 1146 1444 al.
1169 1383 1252 1443 202:
1278 1385 1325 1445 οὐ·

228 1484 322 1560 δαμοῦ
354 1487 471 1549 πώποτε
498 1487 621 1557 Μειδίας
644 1494 700 1550 τῶν
723 1488 915 1565 συνηδομένων
937 1489 999 1552 οὐδὲ
1022 1495 1078 1552 τῶν
1101 1490 1324 1569 συγχαιρόντων

227 1593 371 1669 ἕξκτάσθη
395 1595 434 1672 τῷ
459 1594 547 1674 δέμον.
595 1594 673 1658 Xen.
699 1595 759 1658 GP.
785 1596 840 1658 IV.
867 1600 897 1660 3.
923 1600 982 1659 21:
1008 1598 1061 1674 ἐμὲ
1083 1598 1136 1674 μὲν
1154 1593 1199 1662 οὖν
1220 1599 1324 1679 naas

226 1708 281 1767 τῶν
316 1704 451 1789 ἱππεύειν
483 1703 773 1782 ὑπερεπιθυμούντων.
820 1705 898 1768 Isae.
934 1709 962 1770 7.
989 1708 1026 1768 5:
1061 1711 1117 1769 τῶν
1144 1709 1173 1770 ἕν
1196 1709 1324 1789 Σικελία

226 1811 407 1887 καταλεγεὶς
429 1813 616 1891 τρικράρχων.
663 1812 762 1897 Supra
789 1816 838 1876 16.
867 1816 921 1876 15:
947 1812 1149 1892 διεπραξάμνν
1172 1813 1248 1879 ὥστε
1267 1827 1322 1891 τῆς

227 1922 338 2000 πρώτης
356 1921 537 1997 τεταγμένος
557 1921 711 2000 μάχεσθαι
731 1931 789 1994 τοῖς
809 1923 966 1997 πολεμίοις.
995 1922 1085 1985 Dem.
1102 1925 1151 1985 19.
1170 1925 1235 1985 302
1249 1924 1324 1988 inde

227 2027 450 2092 emendandus:
475 2027 504 2099 ὃς
529 2031 588 2107 γάρ
608 2030 708 2094 ἑαυτὸν
724 2029 820 2105 τάξας
836 2037 891 2094 τῶν
908 2031 1105 2094 ἀπιστούντων
1122 2028 1193 2095 εἶναι
1217 2033 1324 2097 Φιλίπ-

226 2161 285 2214 τιρ,
304 2137 357 2200 ubi
375 2134 446 2200 εἶναι
465 2137 656 2200 eiiciendum.
686 2141 863 2220 Κληροῦοθαι
882 2144 938 2203 τῶν
956 2139 1035 2204 ἐννέα
1046 2141 1212 2219 ἀρχόντων,
1226 2163 1323 2224 supra

228 2247 280 2308 24.
308 2248 347 2308 13
373 2252 404 2309 et
427 2245 465 2309 al.
502 2245 583 2310 Fieri
606 2248 657 2310 vix
680 2248 783 2331 potuit
814 2248 887 2331 quin
913 2248 1028 2312 librarii
1051 2250 1240 2313 invenientes
1264 2256 1322 2315 τῶν

226 2354 292 2419 Ἐλ.
324 2354 570 2433 ἀπογραφόμενοι
601 2356 658 2419 hoc
688 2357 721 2418 in
744 2356 1005 2436 ἀπογραψαμένων
1028 2359 1231 2435 mutaverint,
1256 2381 1322 2422 non

225 2463 438 2546 intellegentes
469 2469 525 2527 τῶν
553 2468 616 2530 Ἑλ.
664 2465 703 2528 In
733 2467 793 2529 fine
817 2467 987 2529 sententiae
1002 2469 1221 2546 -ἑπολιορκοῦντο
1245 2471 1318 2543 μετ’

225 2575 320 2637 αὐτῶν
347 2575 429 2655 (nam
459 2573 501 2636 sic
532 2572 696 2656 legendum
719 2596 781 2637 non
806 2575 911 2656 αὑτῶν)
935 2596 994 2637 non
1021 2574 1251 2638 sollicitandum
1278 2577 1322 2638 vi-

224 2683 330 2746 detur:
358 2706 390 2746 οο
419 2685 552 2747 obsideri
579 2705 645 2746 οαοκ
674 2689 715 2746 iic
750 2683 890 2766 (triginta
914 2683 1002 2768 viris)
1022 2672 1116 2767 ¹panai
1138 2691 1215 2748 οιιαί.
1265 2684 1320 2747 Illi

223 2793 318 2876 igitur
340 2791 501 2855 moenibus
526 2791 637 2874 egressi
663 2796 697 2852 ut
721 2790 913 2866 obsiderent,
938 2791 998 2874 ipsi
1023 2791 1212 2854 obsidionem
1236 2794 1321 2874 passi

224 2908 306 2966 sunt.
353 2899 530 2962 Familiares
562 2899 686 2982 quidam
718 2899 812 2963 fuisse
843 2900 988 2963 videntur
1012 2900 1138 2984 triginta
1162 2901 1318 2978 virorum,

224 3031 355 3093 quornm
377 3009 468 3093 paulo
495 3015 564 3092 post
587 3009 621 3071 in
643 3008 890 3072 reconciliatione
912 3031 988 3072 usus
1012 3010 1114 3073 fuerit.
1162 3009 1208 3074 Of.
1234 3010 1316 3074 Xan.

223 3119 306 3182 Hell.
332 3116 375 3180 Π.
401 3120 421 3178 4
445 3116 592 3180 sublim:
618 3117 723 3197 ὑστέρῳ
746 3117 774 3182 δὲ
796 3118 888 3198 χρόνῳ
911 3118 1088 3188 ἀκούσαντες
1111 3119 1147 3201 (οἱ
1159 3117 1318 3202 Ἀθηναῖοι)

221 3226 316 3302 ξένους
340 3226 506 3302 μισθοῦσθαι
525 3226 591 3295 τοὺς
610 3223 771 3307 Ἐλευσῖνι,
793 3227 1013 3305 στρατευόμενοι
1033 3226 1177 3304 πανδημεὶ
1200 3228 1248 3290 ἐπ’
1268 3232 1320 3292 αὐ.

222 3337 287 3406 τοὺς
304 3335 370 3404 τοὺς
390 3333 442 3410 μὲν
462 3334 644 3413 στρατηγοὺς
664 3336 759 3398 αὐτῶν
783 3336 824 3405 εἷς
846 3335 950 3411 λόγους
974 3336 1101 3406 ἐλθόντες
1120 3337 1314 3414 ἀπέκτειναν,

223 3450 282 3514 τοῖς
305 3440 431 3512 δ’ἀλλοις
454 3442 725 3520 εἱςπέμψαντες
749 3443 830 3513 τοὺς
853 3444 983 3524 φίλους
1006 3445 1065 3508 καὶ
1089 3447 1318 3520 ἀναγκαίους

222 3551 372 3616 ἔπεισαν
395 3549 684 3626 ξυναλλαγῆναι.
721 3550 862 3614 Eo‘haec
884 3552 1017 3615 narratio
1040 3553 1156 3615 recedit
1172 3575 1189 3615 a
1204 3552 1316 3637 Lysia,

222 3660 305 3744 quod
332 3682 408 3744 quos
432 3660 606 3745 Xenophon
636 3661 744 3724 missos
772 3683 789 3723 a
816 3660 933 3724 civibus
961 3661 1051 3738 dicit,
1080 3662 1113 3725 hi
1146 3663 1317 3728 secundum

221 3767 345 3852 Lysiam
376 3775 484 3853 sponte
515 3790 546 3831 se
577 3769 657 3832 intra
689 3770 810 3833 moenia
840 3770 1046 3834 contulerunt.
1093 3771 1260 3837 Finxerant
1284 3797 1316 3838 se

222 3876 300 3940 velle
332 3899 525 3963 oppugnare,
559 3900 619 3960 quo
650 3879 759 3943 melius
789 3880 863 3964 ipsis
888 3881 1098 3964 praesentibus
1121 3904 1169 3945 res
1192 3904 1317 3966 compo-

162 4040 165 4044 ,
220 3995 353 4052 neretur.
397 3987 434 4051 In
465 3986 587 4050 Scheibi
618 3990 792 4054 coniectura
827 3989 1004 4067 ἐπολιόρκουν
1034 3991 1100 4060 τοὺς
1129 3991 1193 4067 μεθ’
1219 3992 1315 4056 αὑτῶν

223 4095 387 4161 obscurum
420 4097 644 4180 quodammodo
680 4107 726 4161 est
758 4098 837 4162 illud
868 4099 934 4169 τοὺς
962 4125 997 4176 μ.
1029 4123 1078 4175 α.,
1109 4122 1170 4184 quo
1201 4101 1316 4184 signifi-

224 4212 333 4269 cantur
355 4227 418 4268 non
442 4206 496 4288 qui
519 4224 623 4268 eorum
647 4206 788 4271 factionis
812 4212 900 4271 οτοιιό
922 4206 976 4269 sed
998 4209 1067 4270 οῖόοι
1082 4208 1223 4292 fueruat.
