2850 5024
679 414 740 476 157

479 648 557 690 XXII.
580 653 663 707 ,ΚΑΤΑ
678 654 741 692 ΤΩΝ
757 652 939 692 ΣῙΤΟΠΩΔΩΝ.

208 851 225 934 q
250 852 280 913 l.
315 846 429 926 Multi,
450 849 568 932 inquit,
588 849 690 912 mirati
706 856 793 926 sunt,
810 847 895 931 quod
913 869 969 931 ego
986 847 1150 916 circuduce
1166 846 1199 908 in
1214 868 1258 908 se·

161 966 242 1024 natu
258 981 431 1023 accusarem
453 956 506 1041 (ότι
527 960 584 1037 ἐγὼ
604 964 661 1023 πῶυ
675 964 841 1023 σιτοπωλῶν
860 961 888 1022 ἐι
901 966 938 1037 τῇ
949 957 1043 1036 βουλῇ
1057 957 1255 1039 κοιπηγόρουι).

161 1067 240 1132 Non
269 1068 423 1152 putabant
446 1069 528 1132 enim
552 1075 705 1132 oratorem
729 1066 936 1151 sycophantae
960 1065 1038 1129 velle
1062 1050 1193 1129 similem
1217 1065 1258 1127 vi-

163 1181 232 1244 deri
239 1207 249 1260 3
283 1188 314 1243 et
343 1188 447 1242 tamen
479 1178 670 1242 criminando
698 1178 781 1263 apud
805 1184 947 1241 senatum
971 1176 1103 1239 efficiens
1127 1184 1163 1239 ut
1185 1199 1258 1240 σιτο-

163 1295 269 1355 πωλῶν
293 1310 385 1352 causa
408 1296 556 1374 tanquam
579 1283 741 1352 noxiorum
766 1287 804 1350 ad
828 1285 980 1351 iudicium
1002 1285 1172 1349 deferretur
1188 1285 1258 1348 talis

163 1399 262 1464 videri
293 1406 422 1483 poterat.
460 1397 542 1480 ,Non
573 1399 671 1484 igitur
702 1398 836 1462 sollicito
868 1396 909 1462 ότι
939 1420 994 1482 pro
1019 1419 1080 1481 qno
1104 1397 1258 1480 Sanppins

164 1509 224 1576 όπε.
256 1547 301 1559 -
324 1508 478 1573 Dicebant
502 1509 592 1572 amici
616 1509 670 1592 (sic
693 1510 796 1593 pergit
819 1512 932 1592 orator)
955 1506 998 1572 ότι
1023 1509 1105 1585 ὑμεῖς
1129 1505 1258 1589 (iudices

135 1626 136 1630 ’
164 1645 190 1686 s.
219 1620 433 1705 populus),'rl
457 1622 493 1690 ὡς
516 1619 642 1697 μόλιοπ’
666 1622 772 1691 οιύποὺς
797 1621 874 1703 (ποὺς
898 1622 969 1702 οιπ.)
992 1619 1100 1683 οόδικεῑυ
1121 1619 1257 1698 ἡγεῖσθε,

154 1728 245 1797 ὀὐδὲν
276 1729 361 1806 ἧππου
391 1731 441 1794 acl
468 1732 535 1824 ποὺς
560 1731 623 1810 περὶ
647 1731 756 1796 τούτου
780 1731 961 1808 ποιουμένους
984 1731 1089 1807 λόγους
1113 1737 1259 1809 συκοφαν-

164 1849 228 1906 πεῖιι
259 1840 400 1921 ιομόζεπε.
449 1841 597 1904 Praesens
629 1843 760 1921 υομόζεπε
790 1841 829 1905 de
859 1864 944 1904 more
976 1849 1006 1904 et
1037 1837 1260 1903 consuetudine

107 1942 112 1952 ’
167 1951 293 2016 dicitur.
341 1949 542 2028 Dardanarii,
566 1952 714 2035 inquilini
739 1959 770 2016 et
794 1951 962 2036 locupletos
986 1958 1017 2014 et
1040 1957 1195 2034 praeterea
1217 1949 1262 2011 in-

167 2061 243 2138 visi,
269 2059 353 2144 quod
376 2060 565 2123 frumentum
590 2060 722 2125 subinde
745 2061 914 2138 vexabant,
941 2069 1003 2124 tam
1027 2083 1116 2144 saepe
1136 2059 1262 2123 delatio·

168 2170 263 2234 nibus
286 2169 547 2255 sycophantarum
570 2178 658 2233 erant
680 2172 829 2255 expositi,
853 2180 890 2234 ut
912 2170 1047 2247 indices,
1072 2170 1190 2232 etiamsi
1214 2169 1261 2231 vel

168 2281 300 2343 maxime
335 2281 411 2343 istos
445 2280 553 2343 noxios
590 2289 754 2364 putarent,
790 2288 893 2344 tamen
928 2287 1119 2344 accusatores
1143 2302 1262 2363 semper

166 2390 247 2454 lucri
277 2413 370 2454 causa
401 2413 505 2454 eorum
536 2393 662 2455 nomina
694 2392 809 2456 deferre
840 2399 997 2476 putarent.
1044 2389 1261 2474 Perspicuitati

167 2500 349 2564 consuletur
376 2501 403 2564 si
426 2523 496 2565 cum
521 2501 703 2586 Hirschigio
728 2502 829 2585 (Misc.
855 2503 937 2566 Phil.
963 2510 993 2565 ct
1016 2500 1149 2584 Paedog.
1177 2500 1261 2561 1860

164 2631 196 2694 p.
215 2612 291 2693 138)
314 2610 380 2682 ποός
405 2618 475 2673 ante
499 2610 605 2686 λόγους
629 2612 811 2688 inserueris3
837 2611 890 2675 sed
914 2610 1020 2675 eadem
1038 2609 1076 2674 de
1093 2631 1185 2673 cansa
1201 2629 1261 2670 ma-

166 2718 222 2782 lim
253 2721 277 2783 εῐ
308 2721 357 2783 recl
385 2722 422 2790 ός
446 2719 580 2795 μάλιστ’.
628 2719 745 2783 Contra
767 2722 820 2784 κου’
843 2727 915 2783 ante
940 2721 1005 2790 πούς
1030 2719 1152 2782 videtur
1175 2719 1264 2781 omit·

144 2854 147 2861 ·
166 2828 305 2892 tendum.
331 2827 425 2907 Quod
448 2829 562 2912 legitur
577 2833 594 2914 q
611 2833 641 2893 2.
666 2830 829 2894 ἀποδιδόναι
846 2831 885 2901 εἷς
902 2831 953 2902 τὴν
969 2830 1077 2906 βουλὴν
1094 2831 1159 2907 περί
1173 2852 1260 2910 τινος,

166 2941 284 3020 referre
313 2941 354 3003 od
383 2945 517 3004 senatum
548 2944 584 3004 de
616 2945 719 3024 aliquo
745 2964 779 3008 rc
803 2948 849 3003 est
873 2941 965 3003 etiam
990 2939 1072 3022 apud
1095 2938 1263 3002 Isocratem

171 3049 222 3110 18.
250 3050 287 3110 6:
313 3050 408 3113 ἐκεῖνοι
432 3049 456 3113 δ’
479 3053 519 3123 εἷς
543 3054 594 3126 τὴν
617 3053 730 3130 βουλήι
750 3053 814 3132 περὶ
838 3055 934 3116 adroic
957 3051 1113 3116 οόπέόοοοιι.

213 3155 341 3220 Habent
373 3180 409 3221 ea
440 3181 518 3242 quae
550 3159 587 3223 ab
621 3161 712 3224 initio
743 3160 903 3245 usquead
931 3169 1003 3225 sect.
1028 3165 1048 3222 4
1073 3158 1263 3242 (ψηφόουοόε)

168 3265 316 3348 leguntur
340 3268 443 3331 nescio
467 3269 544 3353 quid
568 3270 731 3355 sophistici
755 3271 888 3335 artificii.
927 3270 1079 3334 Effecerat
1095 3276 1263 3345 accusator,

169 3375 223 3456 qui
247 3382 369 3439 senator
393 3378 634 3461 erat„primum
658 3388 694 3441 ut
716 3379 986 3443 frumentariorum
1010 3402 1102 3444 causa
1126 3402 1143 3441 a
1168 3385 1265 3462 pryta-

170 3483 262 3547 nibus
294 3484 333 3548 ad
357 3492 497 3549 senatum
521 3487 701 3566 deferretur,
726 3498 794 3552 tum
818 3512 857 3554 ne
881 3500 1008 3554 senatus
1032 3512 1084 3554 eos
1107 3489 1265 3552 damnaret

170 3593 402 3673 intercesserat,
436 3595 569 3680 denique
601 3620 671 3661 cnm
704 3606 904 3682 quaereretur
935 3621 1011 3662 num
1042 3605 1122 3662 esset
1149 3619 1203 3660 cur
1226 3596 1265 3659 ad

171 3702 323 3767 iudicium
345 3705 454 3788 populi
478 3729 501 3770 s,
527 3707 672 3771 heliastas
697 3730 788 3771 causa
810 3709 996 3785 reiiceretur,
1022 3706 1193 3771 accusando
1213 3705 1266 3769 ho·

171 3813 270 3876 mines
294 3813 434 3878 effecerat
456 3823 493 3880 ut
514 3817 559 3880 ita
582 3816 815 3895 decerneretur3
840 3841 925 3882 nunc
948 3818 1073 3882 tandem
1096 3818 1162 3901 ipse
1182 3816 1265 3900 apud

172 3921 322 4006 populum
353 3927 452 4008 surgit
483 3939 652 3991 accusator.
700 3928 767 3991 Iam
802 3951 841 3992 ne
863 3930 995 3993 invisam
1018 3925 1267 4012 quadruplatoris

171 4030 335 4114 personam
364 4043 467 4118 gerat,
500 4058 693 4120 summopere
724 4045 860 4122 pngnat3
894 4046 925 4103 et
948 4037 1071 4101 videtur
1095 4036 1195 4099 adhuc
1220 4059 1266 4099 res

172 4139 250 4204 bene
274 4141 302 4204 ei
325 4144 467 4222 cessisse,
492 4167 590 4228 quum
612 4168 702 4210 nemo
726 4148 807 4211 inter
831 4149 1012 4233 interpretes
1035 4147 1192 4210 hominem
1214 4166 1267 4209 no·

172 4251 299 4329 taverit;
324 4252 401 4315 mihi
424 4260 528 4317 tamen
552 4254 675 4318 videtur
697 4278 730 4319 re
754 4279 824 4320 vera
847 4256 1038 4341 sycophanta
1061 4277 1124 4318 non
1149 4254 1265 4332 melior,

174 4360 228 4442 qui
252 4361 378 4444 quidem
401 4361 439 4426 ab
463 4362 554 4426 initio
577 4363 657 4427 illud
673 4365 829 4428 studuerit
844 4365 1037 4430 defendendo
1052 4365 1159 4444 modo,
1176 4363 1267 4428 modo
