2850 5024
694 395 735 454 84

173 604 290 677 posset,
323 594 348 656 si
378 595 410 658 in
443 593 548 658 eodem
578 604 718 679 pergeret
741 601 937 678 argumento,
962 593 1014 656 sed
1038 593 1162 656 omnino
1185 590 1261 655 novi

173 705 248 790 quid
272 705 371 783 affert3
395 706 428 768 in
452 705 659 791 superioribus
683 705 760 768 dixit
775 727 837 768 non
853 704 941 768 facile
957 703 1096 768 futurum
1111 704 1207 767 fuisse
1221 710 1261 766 ut

170 815 307 893 lucrum,
340 817 423 902 quod
455 840 490 881 ex
525 818 666 881 metoecis
690 817 868 902 sperabant,
892 817 1015 881 omnino
1038 817 1071 880 in
1094 815 1260 880 discrimen

172 927 342 1006 dedissent,
374 938 460 1007 tum,
495 952 601 1016 porro,
633 930 751 1013 inquit,
781 951 871 1013 quem
894 930 995 993 minus
1018 935 1259 992 consentaneum

171 1047 235 1103 erat
254 1040 314 1104 tale
334 1041 448 1104 iussum
466 1049 677 1126 accepturum,
695 1063 787 1125 quam
802 1041 899 1118 hunc,
917 1042 970 1124 qui
987 1041 1149 1105 oblocutus
1166 1049 1258 1104 esset.

104 1188 106 1194 ·
171 1151 249 1214 Cum
272 1152 362 1216 nimis
386 1154 484 1237 gravis
508 1153 635 1237 triginta
660 1153 730 1216 viris
754 1161 818 1216 erat
840 1175 887 1216 res
910 1152 1150 1237 inquilinorum,
1168 1159 1260 1215 ntea

170 1272 329 1328 uterentur
353 1264 390 1327 ad
415 1264 544 1328 alicuius
567 1264 658 1328 fidem
682 1264 914 1348 explorandam,
943 1272 1010 1328 tum
1034 1263 1084 1327 hic
1107 1265 1139 1327 in
1164 1286 1199 1326 ea
1221 1286 1257 1326 re

170 1386 338 1461 suspectus.

214 1490 230 1572 d
253 1491 304 1552 30.
352 1489 433 1565 ὑμεῖς
456 1489 485 1552 δὲ
508 1488 617 1560 πάντες
639 1488 839 1569 ὀργίζεσθε,
863 1488 918 1554 froc
935 1490 974 1561 εἰς
991 1487 1148 1561 1111111111
1161 1483 1257 1562 ἦλθον.

168 1599 244 1684 Leg.
270 1598 429 1681 ὠργίζεσθε.

212 1713 229 1795 b
252 1713 303 1774 33.
351 1711 410 1775 ocae
433 1713 501 1790 παρ’
525 1712 621 1782 αὐτοῖς
645 1707 715 1775 attat
739 1710 1018 1794 „quemadmodum
1034 1734 1073 1775 ne
1088 1710 1172 1775 domi
1188 1711 1259 1793 qui·

168 1823 260 1900 „dem
282 1828 404 1885 nostrae
426 1821 514 1885 nobis
539 1843 602 1884 esse
626 1820 746 1886 licuit.''
791 1824 896 1893 Αὑτοῖς
920 1844 974 1906 pro
998 1825 1065 1898 ἡμῖν
1089 1825 1203 1904 αὐτοῖς,
1218 1831 1259 1886 ut

167 1935 274 2000 ἑαυτῶν
306 1959 359 2020 pro
390 1939 467 2015 ὑμῶν
498 1940 592 2002 αὐτῶν
622 1940 651 2001 8.
682 1940 718 2014 5,
754 1940 804 2001 18.
837 1940 895 2015 15,
928 1940 980 2000 28.
1009 1939 1058 2001 16.
1107 1936 1256 2003 Ceterum

168 2048 295 2111 strictim
320 2057 350 2112 et
373 2051 437 2114 sine
460 2051 640 2114 necessitate
664 2049 717 2114 sed
741 2073 776 2114 eo
799 2051 936 2114 acerbius
960 2050 1034 2113 haec
1058 2049 1213 2113 dicuntur.

211 2161 302 2243 tat.
350 2162 419 2243 φέρε
451 2162 501 2237 δή,
533 2163 564 2227 τί
593 2162 675 2227 1111
698 2163 747 2227 καὶ
771 2163 893 2245 ἀδελφοὶ
916 2161 995 2234 ὄντες
1018 2163 1137 2244 ἐτύχετ’
1160 2165 1256 2228 αὐτοῦ

168 2271 183 2344 ἢ
211 2273 259 2335 καὶ
284 2273 369 2348 υἷεῖς;
393 2274 643 2354 ἀπεψηφίσασθε
668 2272 823 2358 (1111111.)
871 2273 999 2358 Aliquid
1019 2273 1166 2338 excidisse
1181 2281 1257 2359 post

166 2383 197 2447 τί
218 2381 254 2447 ila
277 2384 300 2446 εἰ
324 2383 444 2447 videtur
467 2383 606 2462 Dobre03
631 2385 714 2463 iure,
739 2385 855 2469 opinor.
887 2384 1044 2448 Sententia
1059 2386 1138 2448 enim
1155 2384 1255 2449 huius

167 2493 308 2558 sectionis
333 2501 394 2558 est:
419 2505 640 2572 „veruntamen
663 2520 701 2560 ne
724 2496 803 2561 hano
826 2498 949 2583 quidem
973 2497 1183 2561 condicionem
1206 2519 1256 2560 re·

165 2626 259 2682 „cuso
291 2608 338 2689 (ut
368 2606 458 2671 liceat
488 2607 541 2671 isti
563 2608 621 2671 sibi
641 2608 811 2672 'honorifica
834 2608 1007 2693 praedicare
1031 2608 1068 2673 de
1091 2609 1146 2684 iis,
1171 2630 1254 2691 quae

165 2717 301 2793 „nemini
331 2723 405 2781 nota
435 2724 522 2795 sunt,
555 2725 585 2781 11
616 2718 653 2781 ed
685 2719 764 2782 facta
787 2719 908 2783 tantum
932 2720 997 2782 cius
1022 2719 1250 2805 attendamus),

164 2826 240 2902 „sed
263 2827 375 2911 largior
398 2828 472 2905 tibi,
498 2835 528 2891 te
552 2828 729 2893 oblocutum
754 2853 827 2894 esse.
868 2830 1064 2915 Quamquam
1079 2831 1173 2895 miror
1189 2834 1254 2896 uti·

163 2958 262 3020 „que,
295 2936 369 3021 quid
400 2938 522 3002 tandem
555 2939 675 3003 fecisses
699 2941 837 3024 (triginta
862 2943 944 3026 viris)
968 2941 1169 3027 suffragatus,
1194 2943 1253 3026 qui

163 3071 268 3126 „nunc
291 3048 432 3133 quidem,
458 3073 552 3135 quum
577 3050 754 3115 oblocutum
771 3058 802 3115 te
818 3075 881 3115 esse
898 3053 997 3130 dicas,
1014 3053 1252 3118 Polemerchum

163 3159 404 3236 „interfeceris”
450 3161 524 3224 Post
554 3160 633 3224 hanc
657 3163 863 3247 exceptionem
886 3186 923 3227 an
948 3165 1164 3228 correctionem
1187 3163 1253 3228 dic·

163 3275 264 3333 torum
287 3271 318 3333 in
343 3271 419 3335 viam
445 3270 538 3334 redit:
563 3271 615 3334 sed
638 3273 699 3334 iam
723 3260 810 3357 sequi
833 3273 940 3352 debet,
965 3274 1040 3357 quid
1060 3296 1191 3358 aequum
1208 3275 1253 3338 sit

163 3402 232 3443 eum
263 3381 343 3466 pati,
372 3381 425 3463 qui
447 3381 578 3460 iniuste,
604 3383 741 3467 quamvis
767 3382 946 3462 oblocutus,
972 3384 1104 3468 aliquem
1126 3385 1252 3450 interfe-

162 3491 253 3568 cerit,
278 3491 335 3555 hoc
359 3492 420 3556 fere
443 3492 551 3556 modo:
576 3495 679 3578 „agite
703 3517 772 3558 vero
797 3498 844 3579 (ut
866 3495 945 3560 illud
968 3497 1117 3581 mittam),
1135 3498 1251 3583 siquis

160 3624 275 3685 „quem
298 3608 408 3672 invitus
431 3607 547 3686 quidem
570 3613 599 3669 et
623 3610 693 3670 11111
716 3609 885 3686 obsecutus,
910 3612 1192 3673 acdtcmcniniuate
1203 3615 1251 3673 ab·

162 3713 368 3799 „terfeea'aaet,
394 3736 507 3799 vosque
530 3715 682 3779 interfecti
705 3716 812 3781 fratres
837 3727 891 3780 aut
914 3718 970 3782 filii
993 3719 1145 3795 fuissetis,
1170 3741 1250 3784 num

159 3824 405 3901 „interfectorem
433 3825 677 3891 absolvissetisf'
711 3827 760 3891 Ita
782 3828 869 3891 nulla
892 3828 1017 3893 offensio
1041 3830 1143 3893 estin
1171 3832 1251 3895 aori-

161 3935 233 4012 stis,
251 3957 305 4018 pro
322 3937 434 4019 quibus
455 3946 528 4002 sunt
544 3939 597 4021 qui
613 3939 789 4023 imperfecta
805 3926 973 4005 substituta
988 3942 1100 4019 velint,
1119 3948 1149 4004 11
1165 3951 1250 4006 11111

159 4045 297 4131 procedit
320 4050 552 4134 argumentatio.
613 4092 615 4095 -

205 4159 222 4242 b
244 4161 285 4221 41
310 4181 354 4243 sq.
401 4160 549 4231 Πολλάκις
568 4161 725 4237 ἐθαύμασα
743 4170 796 4234 τῆς
816 4163 928 4240 elaeae
945 4169 1000 4228 τῶν
1016 4163 1160 4240 λεγόντων
1177 4165 1250 4246 ὑπὲρ

162 4270 274 4353 αὐτῶν,
298 4273 374 4346 πλὴν
397 4270 467 4337 ὅταν
486 4274 626 4349 ἐνθυμηθῶ
644 4271 686 4336 ἔτι
705 4279 760 4337 τῶν
780 4277 875 4339 αὐτῶν
895 4277 971 4340 ἐστιν
983 4275 1088 4345 αὐτούς
1099 4299 1133 4339 τε
1145 4275 1251 4341 πάντα

161 4380 201 4442 τὰ
233 4379 284 4462 (rol
315 4381 495 4462 delendum,
529 4384 566 4446 cf.
599 4380 736 4460 Dobree,
768 4407 797 4469 p.
827 4387 891 4448 214
916 4394 946 4450 et
969 4384 1108 4470 Sauppe,
1133 4385 1249 4451 Philol.
