<?xml version="1.0" encoding="UTF-8"?>
<!DOCTYPE html PUBLIC "-//W3C//DTD XHTML 1.0 Transitional//EN"
    "http://www.w3.org/TR/xhtml1/DTD/xhtml1-transitional.dtd">
<html xmlns="http://www.w3.org/1999/xhtml" xml:lang="en" lang="en">
 <head>
  <title>
</title>
<meta http-equiv="Content-Type" content="text/html;charset=utf-8" />
  <meta name='ocr-system' content='tesseract 3.04.00' />
  <meta name='ocr-capabilities' content='ocr_page ocr_carea ocr_par ocr_line ocrx_word'/>
</head>
<body>
  <div class='ocr_page' id='page_1' title='image "./commentationesl00frangoog_0134.png"; bbox 0 0 2850 5024; ppageno 0'>
   <div class='ocr_carea' id='block_1_1' title="bbox 687 403 743 463">
    <p class='ocr_par' dir='ltr' id='par_1_1' title="bbox 687 403 743 463">
     <span class='ocr_line' id='line_1_1' title="bbox 687 403 743 463; baseline -0.036 0"><span class='ocrx_word' id='word_1_1' title='bbox 687 403 743 463; x_wconf 75' lang='lat' dir='ltr'>lat</span> 
     </span>
    </p>
   </div>
   <div class='ocr_carea' id='block_1_2' title="bbox 161 596 1345 3585">
    <p class='ocr_par' dir='ltr' id='par_1_2' title="bbox 163 596 1255 793">
     <span class='ocr_line' id='line_1_2' title="bbox 163 596 1255 686; baseline -0.012 -15"><span class='ocrx_word' id='word_1_2' title='bbox 163 607 261 686; x_wconf 79' lang='grc' dir='ltr'><em>τρίτον</em></span> <span class='ocrx_word' id='word_1_3' title='bbox 291 603 401 676; x_wconf 75' lang='grc' dir='ltr'><em>παντός</em></span> <span class='ocrx_word' id='word_1_4' title='bbox 430 603 595 680; x_wconf 86' lang='lat' dir='ltr'>iudicans,</span> <span class='ocrx_word' id='word_1_5' title='bbox 628 601 839 686; x_wconf 79' lang='lat' dir='ltr'>Erasiplrontis</span> <span class='ocrx_word' id='word_1_6' title='bbox 873 614 903 663; x_wconf 90' lang='lat' dir='ltr'>et</span> <span class='ocrx_word' id='word_1_7' title='bbox 933 600 1074 663; x_wconf 80' lang='lat' dir='ltr'>llratonis</span> <span class='ocrx_word' id='word_1_8' title='bbox 1106 596 1255 680; x_wconf 83' lang='lat' dir='ltr'>(iunioris)</span> 
     </span>
     <span class='ocr_line' id='line_1_3' title="bbox 165 701 750 793; baseline -0.009 -12"><span class='ocrx_word' id='word_1_9' title='bbox 165 717 249 781; x_wconf 90' lang='lat' dir='ltr'>bona</span> <span class='ocrx_word' id='word_1_10' title='bbox 271 717 382 793; x_wconf 90' lang='lat' dir='ltr'>mittit,</span> <span class='ocrx_word' id='word_1_11' title='bbox 408 701 583 778; x_wconf 79' lang='lat' dir='ltr'>Erasistrati</span> <span class='ocrx_word' id='word_1_12' title='bbox 607 713 750 777; x_wconf 90' lang='lat' dir='ltr'>vindicat.</span> 
     </span>
    </p>

    <p class='ocr_par' dir='ltr' id='par_1_3' title="bbox 215 821 1092 913">
     <span class='ocr_line' id='line_1_4' title="bbox 215 821 1092 913; baseline -0.006 -23"><span class='ocrx_word' id='word_1_13' title='bbox 215 827 355 913; x_wconf 89' lang='lat' dir='ltr'>Denique</span> <span class='ocrx_word' id='word_1_14' title='bbox 378 826 416 890; x_wconf 94' lang='lat' dir='ltr'>de</span> <span class='ocrx_word' id='word_1_15' title='bbox 439 825 570 890; x_wconf 85' lang='lat' dir='ltr'>lectione</span> <span class='ocrx_word' id='word_1_16' title='bbox 593 823 808 889; x_wconf 89' lang='lat' dir='ltr'>constituenda</span> <span class='ocrx_word' id='word_1_17' title='bbox 832 822 979 908; x_wconf 88' lang='lat' dir='ltr'>quaedam</span> <span class='ocrx_word' id='word_1_18' title='bbox 991 821 1092 886; x_wconf 68' lang='lat' dir='ltr'>addo.</span> 
     </span>
    </p>

    <p class='ocr_par' dir='ltr' id='par_1_4' title="bbox 163 932 1257 2021">
     <span class='ocr_line' id='line_1_5' title="bbox 215 932 1255 1023; baseline -0.007 -21"><span class='ocrx_word' id='word_1_19' title='bbox 215 940 232 1023; x_wconf 66' lang='lat' dir='ltr'>p</span> <span class='ocrx_word' id='word_1_20' title='bbox 254 941 284 1003; x_wconf 83' lang='lat'>3.</span> <span class='ocrx_word' id='word_1_21' title='bbox 327 937 403 1010; x_wconf 80' lang='grc' dir='ltr'>Ἕως</span> <span class='ocrx_word' id='word_1_22' title='bbox 427 939 518 1003; x_wconf 80' lang='grc' dir='ltr'><em>τοίνυν</em></span> <span class='ocrx_word' id='word_1_23' title='bbox 541 939 554 1002; x_wconf 83' lang='grc' dir='ltr'><strong><em>ὁ</em></strong></span> <span class='ocrx_word' id='word_1_24' title='bbox 579 937 705 1017; x_wconf 72' lang='grc' dir='ltr'><em>Ἐράτων</em></span> <span class='ocrx_word' id='word_1_25' title='bbox 733 935 799 1017; x_wconf 69' lang='grc' dir='ltr'><em>ἔζν,</em></span> <span class='ocrx_word' id='word_1_26' title='bbox 824 936 890 1007; x_wconf 81' lang='grc' dir='ltr'><em>τούς</em></span> <span class='ocrx_word' id='word_1_27' title='bbox 913 960 946 999; x_wconf 86' lang='grc' dir='ltr'>τε</span> <span class='ocrx_word' id='word_1_28' title='bbox 969 935 1067 1006; x_wconf 76' lang='grc' dir='ltr'><em>τόκους</em></span> <span class='ocrx_word' id='word_1_29' title='bbox 1090 932 1227 1008; x_wconf 70' lang='lat' dir='ltr'>dorstat(</span> <span class='ocrx_word' id='word_1_30' title='bbox 1242 969 1255 978; x_wconf 96' lang='lat'>-</span> 
     </span>
     <span class='ocr_line' id='line_1_6' title="bbox 164 1042 1255 1127; baseline -0.007 -14"><span class='ocrx_word' id='word_1_31' title='bbox 164 1050 276 1127; x_wconf 80' lang='grc' dir='ltr'><em>βαννν</em></span> <span class='ocrx_word' id='word_1_32' title='bbox 298 1051 363 1126; x_wconf 71' lang='grc' dir='ltr'>ἐγὼ</span> <span class='ocrx_word' id='word_1_33' title='bbox 386 1050 445 1114; x_wconf 75' lang='grc' dir='ltr'>καὶ</span> <span class='ocrx_word' id='word_1_34' title='bbox 469 1043 594 1113; x_wconf 76' lang='grc' dir='ltr'><em>τᾶλλα</em></span> <span class='ocrx_word' id='word_1_35' title='bbox 616 1049 663 1113; x_wconf 76' lang='grc' dir='ltr'>τὰ</span> <span class='ocrx_word' id='word_1_36' title='bbox 686 1047 921 1125; x_wconf 72' lang='grc' dir='ltr'><em>συγκείμενα.</em></span> <span class='ocrx_word' id='word_1_37' title='bbox 958 1044 1158 1109; x_wconf 88' lang='lat' dir='ltr'>Marklandus</span> <span class='ocrx_word' id='word_1_38' title='bbox 1175 1042 1255 1107; x_wconf 75' lang='grc' dir='ltr'><em>κατα</em></span> 
     </span>
     <span class='ocr_line' id='line_1_7' title="bbox 164 1155 1256 1246; baseline -0.007 -21"><span class='ocrx_word' id='word_1_39' title='bbox 164 1160 211 1225; x_wconf 76' lang='grc' dir='ltr'>τα</span> <span class='ocrx_word' id='word_1_40' title='bbox 233 1160 429 1239; x_wconf 74' lang='grc' dir='ltr'><em>συγκείμενα,</em></span> <span class='ocrx_word' id='word_1_41' title='bbox 456 1183 547 1246; x_wconf 91' lang='lat' dir='ltr'>quem</span> <span class='ocrx_word' id='word_1_42' title='bbox 570 1161 715 1225; x_wconf 86' lang='lat' dir='ltr'>refutavit</span> <span class='ocrx_word' id='word_1_43' title='bbox 738 1159 893 1236; x_wconf 88' lang='lat' dir='ltr'>Dobreus,</span> <span class='ocrx_word' id='word_1_44' title='bbox 917 1181 1043 1221; x_wconf 86' lang='lat' dir='ltr'>monens</span> <span class='ocrx_word' id='word_1_45' title='bbox 1062 1165 1181 1242; x_wconf 83' lang='lat' dir='ltr'>praeter</span> <span class='ocrx_word' id='word_1_46' title='bbox 1196 1155 1256 1217; x_wconf 89' lang='lat' dir='ltr'>foe·</span> 
     </span>
     <span class='ocr_line' id='line_1_8' title="bbox 165 1268 1253 1357; baseline -0.007 -20"><span class='ocrx_word' id='word_1_47' title='bbox 165 1295 229 1336; x_wconf 90' lang='lat' dir='ltr'>nus</span> <span class='ocrx_word' id='word_1_48' title='bbox 245 1273 335 1337; x_wconf 89' lang='lat' dir='ltr'>etiam</span> <span class='ocrx_word' id='word_1_49' title='bbox 355 1273 414 1337; x_wconf 91' lang='lat' dir='ltr'>alia</span> <span class='ocrx_word' id='word_1_50' title='bbox 429 1272 555 1337; x_wconf 88' lang='lat' dir='ltr'>concedi</span> <span class='ocrx_word' id='word_1_51' title='bbox 572 1273 726 1357; x_wconf 89' lang='lat' dir='ltr'>potuisse,</span> <span class='ocrx_word' id='word_1_52' title='bbox 740 1273 825 1337; x_wconf 89' lang='lat' dir='ltr'>velut</span> <span class='ocrx_word' id='word_1_53' title='bbox 836 1271 927 1356; x_wconf 88' lang='lat' dir='ltr'>agelli</span> <span class='ocrx_word' id='word_1_54' title='bbox 942 1271 1076 1335; x_wconf 84' lang='lat' dir='ltr'>fructum</span> <span class='ocrx_word' id='word_1_55' title='bbox 1091 1268 1139 1332; x_wconf 89' lang='lat' dir='ltr'>vel</span> <span class='ocrx_word' id='word_1_56' title='bbox 1154 1289 1253 1330; x_wconf 90' lang='lat' dir='ltr'>usum.</span> 
     </span>
     <span class='ocr_line' id='line_1_9' title="bbox 163 1379 1257 1469; baseline -0.007 -21"><span class='ocrx_word' id='word_1_57' title='bbox 163 1385 228 1448; x_wconf 76' lang='lat' dir='ltr'>Kal</span> <span class='ocrx_word' id='word_1_58' title='bbox 250 1384 379 1469; x_wconf 89' lang='lat' dir='ltr'>probum</span> <span class='ocrx_word' id='word_1_59' title='bbox 402 1407 466 1447; x_wconf 85' lang='lat' dir='ltr'>esse</span> <span class='ocrx_word' id='word_1_60' title='bbox 490 1383 682 1449; x_wconf 88' lang='lat' dir='ltr'>demonstrat</span> <span class='ocrx_word' id='word_1_61' title='bbox 703 1383 736 1448; x_wconf 82' lang='grc' dir='ltr'>τέ</span> <span class='ocrx_word' id='word_1_62' title='bbox 760 1390 830 1447; x_wconf 91' lang='lat' dir='ltr'>ante</span> <span class='ocrx_word' id='word_1_63' title='bbox 853 1382 960 1454; x_wconf 75' lang='grc' dir='ltr'><em>τόκους.</em></span> <span class='ocrx_word' id='word_1_64' title='bbox 1000 1379 1059 1443; x_wconf 83' lang='lat' dir='ltr'>Sed</span> <span class='ocrx_word' id='word_1_65' title='bbox 1082 1380 1113 1443; x_wconf 92' lang='lat' dir='ltr'>in</span> <span class='ocrx_word' id='word_1_66' title='bbox 1131 1400 1257 1462; x_wconf 88' lang='lat' dir='ltr'>sequen·</span> 
     </span>
     <span class='ocr_line' id='line_1_10' title="bbox 164 1487 1255 1579; baseline -0.007 -20"><span class='ocrx_word' id='word_1_67' title='bbox 164 1495 254 1559; x_wconf 87' lang='lat' dir='ltr'>tibus</span> <span class='ocrx_word' id='word_1_68' title='bbox 282 1496 345 1559; x_wconf 90' lang='lat' dir='ltr'>iure</span> <span class='ocrx_word' id='word_1_69' title='bbox 368 1494 494 1579; x_wconf 87' lang='lat' dir='ltr'>pluralis</span> <span class='ocrx_word' id='word_1_70' title='bbox 519 1501 565 1558; x_wconf 91' lang='lat' dir='ltr'>est</span> <span class='ocrx_word' id='word_1_71' title='bbox 589 1497 674 1571; x_wconf 72' lang='grc' dir='ltr'><em>ἡμῖν,</em></span> <span class='ocrx_word' id='word_1_72' title='bbox 707 1497 737 1558; x_wconf 84' lang='grc' dir='ltr'>οὐ</span> <span class='ocrx_word' id='word_1_73' title='bbox 764 1493 877 1559; x_wconf 74' lang='grc' dir='ltr'><em>δυνατοὶ</em></span> <span class='ocrx_word' id='word_1_74' title='bbox 902 1487 991 1569; x_wconf 59' lang='lat' dir='ltr'>luem</span> <span class='ocrx_word' id='word_1_75' title='bbox 1015 1490 1152 1575; x_wconf 88' lang='lat' dir='ltr'>loquitur</span> <span class='ocrx_word' id='word_1_76' title='bbox 1176 1489 1255 1552; x_wconf 90' lang='lat' dir='ltr'>enim</span> 
     </span>
     <span class='ocr_line' id='line_1_11' title="bbox 165 1602 1257 1692; baseline -0.006 -23"><span class='ocrx_word' id='word_1_77' title='bbox 165 1605 209 1669; x_wconf 90' lang='lat' dir='ltr'>de</span> <span class='ocrx_word' id='word_1_78' title='bbox 240 1628 271 1669; x_wconf 91' lang='lat' dir='ltr'>se</span> <span class='ocrx_word' id='word_1_79' title='bbox 302 1616 332 1670; x_wconf 90' lang='lat' dir='ltr'>et</span> <span class='ocrx_word' id='word_1_80' title='bbox 354 1615 459 1691; x_wconf 89' lang='lat' dir='ltr'>patre,</span> <span class='ocrx_word' id='word_1_81' title='bbox 484 1608 572 1671; x_wconf 88' lang='lat' dir='ltr'>cuius</span> <span class='ocrx_word' id='word_1_82' title='bbox 596 1608 716 1692; x_wconf 86' lang='lat' dir='ltr'><strong>proprie</strong></span> <span class='ocrx_word' id='word_1_83' title='bbox 740 1616 804 1670; x_wconf 86' lang='lat' dir='ltr'>erat</span> <span class='ocrx_word' id='word_1_84' title='bbox 827 1607 979 1691; x_wconf 83' lang='lat' dir='ltr'>percipere</span> <span class='ocrx_word' id='word_1_85' title='bbox 1002 1605 1136 1679; x_wconf 89' lang='lat' dir='ltr'>fructus;</span> <span class='ocrx_word' id='word_1_86' title='bbox 1153 1602 1257 1684; x_wconf 87' lang='lat' dir='ltr'>itaque</span> 
     </span>
     <span class='ocr_line' id='line_1_12' title="bbox 165 1714 1256 1801; baseline -0.006 -20"><span class='ocrx_word' id='word_1_87' title='bbox 165 1717 221 1781; x_wconf 91' lang='lat' dir='ltr'>lric</span> <span class='ocrx_word' id='word_1_88' title='bbox 243 1724 349 1801; x_wconf 90' lang='lat' dir='ltr'>postea</span> <span class='ocrx_word' id='word_1_89' title='bbox 371 1740 442 1781; x_wconf 91' lang='lat' dir='ltr'>cum</span> <span class='ocrx_word' id='word_1_90' title='bbox 465 1717 646 1781; x_wconf 65' lang='lat' dir='ltr'>Erasistrato</span> <span class='ocrx_word' id='word_1_91' title='bbox 671 1724 767 1781; x_wconf 90' lang='lat' dir='ltr'>certat</span> <span class='ocrx_word' id='word_1_92' title='bbox 791 1718 904 1800; x_wconf 72' lang='grc' dir='ltr'><em>(λαχὼν</em></span> <span class='ocrx_word' id='word_1_93' title='bbox 928 1718 941 1781; x_wconf 76' lang='grc' dir='ltr'><em>δ</em></span> <span class='ocrx_word' id='word_1_94' title='bbox 964 1716 1059 1794; x_wconf 66' lang='grc' dir='ltr'><em>πατὴρ</em></span> <span class='ocrx_word' id='word_1_95' title='bbox 1085 1714 1193 1783; x_wconf 77' lang='grc' dir='ltr'><em>παντὸς</em></span> <span class='ocrx_word' id='word_1_96' title='bbox 1206 1717 1256 1775; x_wconf 81' lang='grc' dir='ltr'>τοῦ</span> 
     </span>
     <span class='ocr_line' id='line_1_13' title="bbox 165 1824 1255 1913; baseline -0.006 -20"><span class='ocrx_word' id='word_1_97' title='bbox 165 1827 374 1912; x_wconf 76' lang='grc' dir='ltr'>συμβολαίου).</span> <span class='ocrx_word' id='word_1_98' title='bbox 421 1827 502 1912; x_wconf 81' lang='lat' dir='ltr'>Ergo</span> <span class='ocrx_word' id='word_1_99' title='bbox 534 1828 689 1913; x_wconf 82' lang='lat' dir='ltr'>probabile</span> <span class='ocrx_word' id='word_1_100' title='bbox 713 1837 758 1892; x_wconf 91' lang='lat' dir='ltr'>est</span> <span class='ocrx_word' id='word_1_101' title='bbox 782 1836 851 1913; x_wconf 88' lang='lat' dir='ltr'>post</span> <span class='ocrx_word' id='word_1_102' title='bbox 873 1828 930 1903; x_wconf 72' lang='grc' dir='ltr'>ἐγώ</span> <span class='ocrx_word' id='word_1_103' title='bbox 954 1826 1048 1910; x_wconf 88' lang='lat' dir='ltr'>patris</span> <span class='ocrx_word' id='word_1_104' title='bbox 1072 1824 1255 1888; x_wconf 84' lang='lat' dir='ltr'>mentionem</span> 
     </span>
     <span class='ocr_line' id='line_1_14' title="bbox 164 1934 1255 2021; baseline -0.007 -17"><span class='ocrx_word' id='word_1_105' title='bbox 164 1941 282 2004; x_wconf 83' lang='lat' dir='ltr'>factam</span> <span class='ocrx_word' id='word_1_106' title='bbox 313 1940 423 2003; x_wconf 83' lang='lat' dir='ltr'>fuisse:</span> <span class='ocrx_word' id='word_1_107' title='bbox 452 1940 500 2004; x_wconf 75' lang='grc' dir='ltr'>καὶ</span> <span class='ocrx_word' id='word_1_108' title='bbox 523 1943 658 2020; x_wconf 71' lang='grc' dir='ltr'><em>ρ’τατήρ.</em></span> <span class='ocrx_word' id='word_1_109' title='bbox 705 1941 827 2004; x_wconf 83' lang='lat' dir='ltr'>Excidit</span> <span class='ocrx_word' id='word_1_110' title='bbox 855 1941 868 2004; x_wconf 81' lang='grc' dir='ltr'>ὁ</span> <span class='ocrx_word' id='word_1_111' title='bbox 896 1945 934 2019; x_wconf 57' lang='grc' dir='ltr'>ἦρ’</span> <span class='ocrx_word' id='word_1_112' title='bbox 957 1939 1035 2002; x_wconf 86' lang='lat' dir='ltr'>inter</span> <span class='ocrx_word' id='word_1_113' title='bbox 1059 1936 1173 2021; x_wconf 81' lang='lat' dir='ltr'>duplex</span> <span class='ocrx_word' id='word_1_114' title='bbox 1195 1934 1255 1997; x_wconf 78' lang='grc' dir='ltr'><em>καΐ.</em></span> 
     </span>
    </p>

    <p class='ocr_par' dir='ltr' id='par_1_5' title="bbox 161 2047 1345 3585">
     <span class='ocr_line' id='line_1_15' title="bbox 213 2047 1256 2138; baseline -0.004 -24"><span class='ocrx_word' id='word_1_115' title='bbox 213 2052 282 2136; x_wconf 64' lang='lat' dir='ltr'>§Aa</span> <span class='ocrx_word' id='word_1_116' title='bbox 326 2053 397 2118; x_wconf 74' lang='lat' dir='ltr'>“Ort</span> <span class='ocrx_word' id='word_1_117' title='bbox 430 2055 482 2136; x_wconf 74' lang='grc' dir='ltr'>(τα</span> <span class='ocrx_word' id='word_1_118' title='bbox 508 2051 675 2138; x_wconf 73' lang='grc' dir='ltr'><em>Ἐρατωνος)</em></span> <span class='ocrx_word' id='word_1_119' title='bbox 699 2053 800 2118; x_wconf 71' lang='grc' dir='ltr'><em>ταντα</em></span> <span class='ocrx_word' id='word_1_120' title='bbox 823 2053 993 2135; x_wconf 69' lang='grc' dir='ltr'><em>δημεύεται,</em></span> <span class='ocrx_word' id='word_1_121' title='bbox 1020 2051 1108 2134; x_wconf 69' lang='grc' dir='ltr'><em>ῥᾴδιον</em></span> <span class='ocrx_word' id='word_1_122' title='bbox 1133 2047 1256 2133; x_wconf 74' lang='grc' dir='ltr'><em>(εἰδέναι)</em></span> 
     </span>
     <span class='ocr_line' id='line_1_16' title="bbox 163 2160 1257 2246; baseline -0.005 -18"><span class='ocrx_word' id='word_1_123' title='bbox 163 2161 202 2240; x_wconf 76' lang='grc' dir='ltr'>ἐξ</span> <span class='ocrx_word' id='word_1_124' title='bbox 218 2167 377 2229; x_wconf 77' lang='grc' dir='ltr'><em>αὐτῶντῶν</em></span> <span class='ocrx_word' id='word_1_125' title='bbox 389 2167 587 2246; x_wconf 62' lang='grc' dir='ltr'><em>ἀπογραφῶν·</em></span> <span class='ocrx_word' id='word_1_126' title='bbox 608 2174 683 2246; x_wconf 78' lang='grc' dir='ltr'><em>τρεῖς</em></span> <span class='ocrx_word' id='word_1_127' title='bbox 702 2167 761 2246; x_wconf 72' lang='grc' dir='ltr'>γαρ</span> <span class='ocrx_word' id='word_1_128' title='bbox 780 2165 840 2231; x_wconf 75' lang='grc' dir='ltr'>καὶ</span> <span class='ocrx_word' id='word_1_129' title='bbox 859 2166 1038 2244; x_wconf 79' lang='grc' dir='ltr'><em>τέτταρες</em></span> <span class='ocrx_word' id='word_1_130' title='bbox 1057 2160 1171 2226; x_wconf 77' lang='grc' dir='ltr'><em>ἕκαστα</em></span> <span class='ocrx_word' id='word_1_131' title='bbox 1183 2161 1257 2223; x_wconf 76' lang='grc' dir='ltr'><em>απο-</em></span> 
     </span>
     <span class='ocr_line' id='line_1_17' title="bbox 161 2274 1257 2363; baseline -0.006 -24"><span class='ocrx_word' id='word_1_132' title='bbox 161 2275 351 2356; x_wconf 73' lang='grc' dir='ltr'><em>γεγρνὶφατν.</em></span> <span class='ocrx_word' id='word_1_133' title='bbox 391 2275 570 2363; x_wconf 79' lang='lat' dir='ltr'>Notandum</span> <span class='ocrx_word' id='word_1_134' title='bbox 593 2285 668 2362; x_wconf 89' lang='lat' dir='ltr'>puto</span> <span class='ocrx_word' id='word_1_135' title='bbox 692 2280 743 2342; x_wconf 79' lang='grc' dir='ltr'>καί</span> <span class='ocrx_word' id='word_1_136' title='bbox 765 2279 845 2342; x_wconf 88' lang='lat' dir='ltr'>inter</span> <span class='ocrx_word' id='word_1_137' title='bbox 865 2277 1032 2342; x_wconf 89' lang='lat' dir='ltr'>numeralia</span> <span class='ocrx_word' id='word_1_138' title='bbox 1047 2274 1183 2360; x_wconf 90' lang='lat' dir='ltr'>positum</span> <span class='ocrx_word' id='word_1_139' title='bbox 1201 2293 1257 2355; x_wconf 87' lang='lat' dir='ltr'>pro</span> 
     </span>
     <span class='ocr_line' id='line_1_18' title="bbox 162 2380 1257 2472; baseline -0.005 -22"><span class='ocrx_word' id='word_1_140' title='bbox 162 2386 203 2468; x_wconf 77' lang='grc' dir='ltr'>ἦ,</span> <span class='ocrx_word' id='word_1_141' title='bbox 229 2395 265 2449; x_wconf 90' lang='lat' dir='ltr'>ut</span> <span class='ocrx_word' id='word_1_142' title='bbox 287 2387 367 2472; x_wconf 92' lang='lat' dir='ltr'>apud</span> <span class='ocrx_word' id='word_1_143' title='bbox 393 2387 557 2452; x_wconf 89' lang='lat' dir='ltr'>Homerum</span> <span class='ocrx_word' id='word_1_144' title='bbox 580 2389 612 2453; x_wconf 94' lang='lat' dir='ltr'>in</span> <span class='ocrx_word' id='word_1_145' title='bbox 636 2398 709 2453; x_wconf 90' lang='lat' dir='ltr'>noto</span> <span class='ocrx_word' id='word_1_146' title='bbox 733 2390 787 2452; x_wconf 92' lang='lat' dir='ltr'>illo</span> <span class='ocrx_word' id='word_1_147' title='bbox 809 2390 906 2461; x_wconf 80' lang='grc' dir='ltr'><em>τούςδε</em></span> <span class='ocrx_word' id='word_1_148' title='bbox 936 2389 960 2452; x_wconf 75' lang='grc' dir='ltr'>δ’</span> <span class='ocrx_word' id='word_1_149' title='bbox 982 2389 1016 2453; x_wconf 83' lang='grc' dir='ltr'>ἔα</span> <span class='ocrx_word' id='word_1_150' title='bbox 1042 2384 1182 2467; x_wconf 53' lang='lat' dir='ltr'>&amp;traillon</span> <span class='ocrx_word' id='word_1_151' title='bbox 1206 2380 1257 2446; x_wconf 77' lang='grc' dir='ltr'>ἕνα</span> 
     </span>
     <span class='ocr_line' id='line_1_19' title="bbox 162 2496 1253 2585; baseline -0.003 -25"><span class='ocrx_word' id='word_1_152' title='bbox 162 2496 218 2560; x_wconf 72' lang='grc' dir='ltr'>καὶ</span> <span class='ocrx_word' id='word_1_153' title='bbox 242 2497 305 2573; x_wconf 76' lang='grc' dir='ltr'>δύο,</span> <span class='ocrx_word' id='word_1_154' title='bbox 330 2499 411 2584; x_wconf 93' lang='lat' dir='ltr'>quod</span> <span class='ocrx_word' id='word_1_155' title='bbox 436 2507 537 2564; x_wconf 89' lang='lat' dir='ltr'>tamen</span> <span class='ocrx_word' id='word_1_156' title='bbox 561 2500 610 2564; x_wconf 89' lang='lat' dir='ltr'>hic</span> <span class='ocrx_word' id='word_1_157' title='bbox 634 2501 735 2564; x_wconf 89' lang='lat' dir='ltr'>minus</span> <span class='ocrx_word' id='word_1_158' title='bbox 760 2509 883 2585; x_wconf 81' lang='lat' dir='ltr'>aptum3</span> <span class='ocrx_word' id='word_1_159' title='bbox 908 2501 951 2563; x_wconf 92' lang='lat' dir='ltr'>ita</span> <span class='ocrx_word' id='word_1_160' title='bbox 974 2500 1053 2562; x_wconf 90' lang='lat' dir='ltr'>enim</span> <span class='ocrx_word' id='word_1_161' title='bbox 1070 2498 1253 2580; x_wconf 87' lang='lat' dir='ltr'>loquuntur,</span> 
     </span>
     <span class='ocr_line' id='line_1_20' title="bbox 162 2607 1253 2696; baseline -0.004 -25"><span class='ocrx_word' id='word_1_162' title='bbox 162 2608 224 2672; x_wconf 89' lang='lat' dir='ltr'>ubi</span> <span class='ocrx_word' id='word_1_163' title='bbox 245 2630 390 2673; x_wconf 90' lang='lat' dir='ltr'>numerus</span> <span class='ocrx_word' id='word_1_164' title='bbox 414 2634 475 2675; x_wconf 92' lang='lat' dir='ltr'>non</span> <span class='ocrx_word' id='word_1_165' title='bbox 499 2618 637 2675; x_wconf 89' lang='lat' dir='ltr'>accurate</span> <span class='ocrx_word' id='word_1_166' title='bbox 653 2612 750 2676; x_wconf 88' lang='lat' dir='ltr'>initur</span> <span class='ocrx_word' id='word_1_167' title='bbox 766 2621 820 2675; x_wconf 89' lang='lat' dir='ltr'>aut</span> <span class='ocrx_word' id='word_1_168' title='bbox 836 2634 889 2696; x_wconf 89' lang='lat' dir='ltr'>per</span> <span class='ocrx_word' id='word_1_169' title='bbox 905 2618 1092 2674; x_wconf 90' lang='lat' dir='ltr'>contemtum</span> <span class='ocrx_word' id='word_1_170' title='bbox 1109 2607 1253 2671; x_wconf 90' lang='lat' dir='ltr'>elevatur.</span> 
     </span>
     <span class='ocr_line' id='line_1_21' title="bbox 164 2715 1255 2806; baseline -0.003 -25"><span class='ocrx_word' id='word_1_171' title='bbox 164 2717 323 2782; x_wconf 88' lang='lat' dir='ltr'>Neutrum</span> <span class='ocrx_word' id='word_1_172' title='bbox 347 2721 378 2784; x_wconf 90' lang='lat' dir='ltr'>in</span> <span class='ocrx_word' id='word_1_173' title='bbox 402 2720 543 2806; x_wconf 85' lang='lat' dir='ltr'>diligenti</span> <span class='ocrx_word' id='word_1_174' title='bbox 566 2722 822 2786; x_wconf 83' lang='lat' dir='ltr'>demonstratione</span> <span class='ocrx_word' id='word_1_175' title='bbox 845 2728 946 2806; x_wconf 87' lang='lat' dir='ltr'>potest</span> <span class='ocrx_word' id='word_1_176' title='bbox 971 2719 1101 2783; x_wconf 87' lang='lat' dir='ltr'>admitti.</span> <span class='ocrx_word' id='word_1_177' title='bbox 1145 2715 1255 2799; x_wconf 90' lang='lat' dir='ltr'>Neque</span> 
     </span>
     <span class='ocr_line' id='line_1_22' title="bbox 165 2831 1255 2918; baseline -0.004 -24"><span class='ocrx_word' id='word_1_178' title='bbox 165 2831 364 2914; x_wconf 90' lang='lat' dir='ltr'>comparandi</span> <span class='ocrx_word' id='word_1_179' title='bbox 396 2841 468 2896; x_wconf 87' lang='lat' dir='ltr'>sunt</span> <span class='ocrx_word' id='word_1_180' title='bbox 498 2833 573 2910; x_wconf 90' lang='lat' dir='ltr'>loci,</span> <span class='ocrx_word' id='word_1_181' title='bbox 606 2835 639 2898; x_wconf 93' lang='lat' dir='ltr'>in</span> <span class='ocrx_word' id='word_1_182' title='bbox 671 2834 784 2918; x_wconf 87' lang='lat' dir='ltr'>quibus</span> <span class='ocrx_word' id='word_1_183' title='bbox 809 2833 846 2896; x_wconf 91' lang='lat' dir='ltr'>de</span> <span class='ocrx_word' id='word_1_184' title='bbox 870 2855 952 2896; x_wconf 89' lang='lat' dir='ltr'>more</span> <span class='ocrx_word' id='word_1_185' title='bbox 977 2831 1110 2914; x_wconf 85' lang='lat' dir='ltr'>quodam</span> <span class='ocrx_word' id='word_1_186' title='bbox 1134 2838 1164 2892; x_wconf 89' lang='lat' dir='ltr'>et</span> <span class='ocrx_word' id='word_1_187' title='bbox 1188 2851 1255 2891; x_wconf 88' lang='lat' dir='ltr'>con·</span> 
     </span>
     <span class='ocr_line' id='line_1_23' title="bbox 166 2941 1256 3031; baseline -0.003 -26"><span class='ocrx_word' id='word_1_188' title='bbox 166 2941 333 3005; x_wconf 86' lang='lat' dir='ltr'>suetudine</span> <span class='ocrx_word' id='word_1_189' title='bbox 357 2943 474 3027; x_wconf 89' lang='lat' dir='ltr'>agitur,</span> <span class='ocrx_word' id='word_1_190' title='bbox 500 2953 554 3008; x_wconf 93' lang='lat' dir='ltr'>aut</span> <span class='ocrx_word' id='word_1_191' title='bbox 576 2946 614 3008; x_wconf 91' lang='lat' dir='ltr'>de</span> <span class='ocrx_word' id='word_1_192' title='bbox 638 2968 672 3008; x_wconf 91' lang='lat' dir='ltr'>eo</span> <span class='ocrx_word' id='word_1_193' title='bbox 697 2945 778 3031; x_wconf 90' lang='lat' dir='ltr'>quod</span> <span class='ocrx_word' id='word_1_194' title='bbox 803 2945 863 3007; x_wconf 89' lang='lat' dir='ltr'>alio</span> <span class='ocrx_word' id='word_1_195' title='bbox 887 2953 1021 3028; x_wconf 85' lang='lat' dir='ltr'>tempore</span> <span class='ocrx_word' id='word_1_196' title='bbox 1038 2942 1126 3005; x_wconf 87' lang='lat' dir='ltr'>aliter</span> <span class='ocrx_word' id='word_1_197' title='bbox 1142 2942 1256 3003; x_wconf 90' lang='lat' dir='ltr'>lactum</span> 
     </span>
     <span class='ocr_line' id='line_1_24' title="bbox 167 3051 1254 3143; baseline -0.005 -24"><span class='ocrx_word' id='word_1_198' title='bbox 167 3064 234 3130; x_wconf 88' lang='lat' dir='ltr'>est,</span> <span class='ocrx_word' id='word_1_199' title='bbox 258 3063 293 3117; x_wconf 88' lang='lat' dir='ltr'>ut</span> <span class='ocrx_word' id='word_1_200' title='bbox 317 3055 403 3118; x_wconf 88' lang='lat' dir='ltr'>Dem.</span> <span class='ocrx_word' id='word_1_201' title='bbox 428 3055 507 3119; x_wconf 90' lang='lat' dir='ltr'>Phil.</span> <span class='ocrx_word' id='word_1_202' title='bbox 532 3056 558 3120; x_wconf 89' lang='lat' dir='ltr'>I.</span> <span class='ocrx_word' id='word_1_203' title='bbox 584 3057 631 3143; x_wconf 79' lang='lat'>(4)</span> <span class='ocrx_word' id='word_1_204' title='bbox 656 3061 715 3122; x_wconf 75' lang='lat'>47:</span> <span class='ocrx_word' id='word_1_205' title='bbox 740 3065 794 3122; x_wconf 78' lang='grc' dir='ltr'>τῶν</span> <span class='ocrx_word' id='word_1_206' title='bbox 818 3062 989 3136; x_wconf 67' lang='grc' dir='ltr'><em>στρατηγῶν</em></span> <span class='ocrx_word' id='word_1_207' title='bbox 1013 3052 1134 3124; x_wconf 74' lang='grc' dir='ltr'><em>ἕκαστος</em></span> <span class='ocrx_word' id='word_1_208' title='bbox 1152 3053 1191 3124; x_wconf 74' lang='grc' dir='ltr'>δὶς</span> <span class='ocrx_word' id='word_1_209' title='bbox 1205 3051 1254 3115; x_wconf 78' lang='grc' dir='ltr'>καὶ</span> 
     </span>
     <span class='ocr_line' id='line_1_25' title="bbox 166 3162 1254 3251; baseline -0.004 -22"><span class='ocrx_word' id='word_1_210' title='bbox 166 3167 231 3246; x_wconf 76' lang='grc' dir='ltr'>τρὶς</span> <span class='ocrx_word' id='word_1_211' title='bbox 259 3167 382 3246; x_wconf 81' lang='grc' dir='ltr'><em>κρίνεται</em></span> <span class='ocrx_word' id='word_1_212' title='bbox 415 3167 479 3250; x_wconf 86' lang='lat' dir='ltr'>(alii</span> <span class='ocrx_word' id='word_1_213' title='bbox 510 3167 576 3244; x_wconf 88' lang='lat' dir='ltr'>bis,</span> <span class='ocrx_word' id='word_1_214' title='bbox 611 3168 661 3231; x_wconf 89' lang='lat' dir='ltr'>alii</span> <span class='ocrx_word' id='word_1_215' title='bbox 690 3168 780 3231; x_wconf 88' lang='lat' dir='ltr'>etiam</span> <span class='ocrx_word' id='word_1_216' title='bbox 802 3171 868 3251; x_wconf 90' lang='lat' dir='ltr'>ter).</span> <span class='ocrx_word' id='word_1_217' title='bbox 916 3166 994 3229; x_wconf 90' lang='lat' dir='ltr'>Xen.</span> <span class='ocrx_word' id='word_1_218' title='bbox 1020 3165 1118 3228; x_wconf 90' lang='lat' dir='ltr'>Anab.</span> <span class='ocrx_word' id='word_1_219' title='bbox 1143 3162 1198 3226; x_wconf 81' lang='lat' dir='ltr'>IV.</span> <span class='ocrx_word' id='word_1_220' title='bbox 1227 3165 1254 3227; x_wconf 83' lang='lat'>7.</span> 
     </span>
     <span class='ocr_line' id='line_1_26' title="bbox 173 3274 1254 3362; baseline -0.005 -21"><span class='ocrx_word' id='word_1_221' title='bbox 173 3281 232 3341; x_wconf 83' lang='lat'>10:</span> <span class='ocrx_word' id='word_1_222' title='bbox 257 3279 425 3358; x_wconf 71' lang='grc' dir='ltr'><em>προέτρεχεν</em></span> <span class='ocrx_word' id='word_1_223' title='bbox 449 3278 495 3342; x_wconf 76' lang='grc' dir='ltr'>δύο</span> <span class='ocrx_word' id='word_1_224' title='bbox 518 3279 567 3342; x_wconf 77' lang='grc' dir='ltr'>καὶ</span> <span class='ocrx_word' id='word_1_225' title='bbox 591 3280 657 3359; x_wconf 78' lang='grc' dir='ltr'><em>τρία</em></span> <span class='ocrx_word' id='word_1_226' title='bbox 681 3281 825 3362; x_wconf 70' lang='grc' dir='ltr'><em>βήματα,</em></span> <span class='ocrx_word' id='word_1_227' title='bbox 851 3279 931 3362; x_wconf 86' lang='lat' dir='ltr'>quod</span> <span class='ocrx_word' id='word_1_228' title='bbox 949 3279 992 3341; x_wconf 84' lang='lat' dir='ltr'>sic</span> <span class='ocrx_word' id='word_1_229' title='bbox 1009 3277 1099 3340; x_wconf 84' lang='lat' dir='ltr'>debet</span> <span class='ocrx_word' id='word_1_230' title='bbox 1115 3274 1254 3350; x_wconf 87' lang='lat' dir='ltr'>dolendi,</span> 
     </span>
     <span class='ocr_line' id='line_1_27' title="bbox 170 3388 1257 3473; baseline -0.004 -21"><span class='ocrx_word' id='word_1_231' title='bbox 170 3397 208 3452; x_wconf 91' lang='lat' dir='ltr'>ut</span> <span class='ocrx_word' id='word_1_232' title='bbox 231 3388 313 3452; x_wconf 89' lang='lat' dir='ltr'>dicas</span> <span class='ocrx_word' id='word_1_233' title='bbox 338 3389 557 3453; x_wconf 80' lang='lat' dir='ltr'>Callimachum</span> <span class='ocrx_word' id='word_1_234' title='bbox 583 3390 674 3454; x_wconf 93' lang='lat' dir='ltr'>modo</span> <span class='ocrx_word' id='word_1_235' title='bbox 698 3390 792 3467; x_wconf 84' lang='lat' dir='ltr'>duos,</span> <span class='ocrx_word' id='word_1_236' title='bbox 822 3390 911 3454; x_wconf 92' lang='lat' dir='ltr'>modo</span> <span class='ocrx_word' id='word_1_237' title='bbox 935 3399 996 3453; x_wconf 89' lang='lat' dir='ltr'>tres</span> <span class='ocrx_word' id='word_1_238' title='bbox 1020 3411 1126 3473; x_wconf 86' lang='lat' dir='ltr'>passus</span> <span class='ocrx_word' id='word_1_239' title='bbox 1152 3408 1257 3472; x_wconf 90' lang='lat' dir='ltr'>procu·</span> 
     </span>
     <span class='ocr_line' id='line_1_28' title="bbox 170 3498 1345 3585; baseline -0.004 -21"><span class='ocrx_word' id='word_1_240' title='bbox 170 3500 310 3585; x_wconf 81' lang='lat' dir='ltr'>currisse.</span> <span class='ocrx_word' id='word_1_241' title='bbox 357 3500 444 3580; x_wconf 77' lang='lat' dir='ltr'>Quae</span> <span class='ocrx_word' id='word_1_242' title='bbox 475 3524 537 3565; x_wconf 92' lang='lat' dir='ltr'>non</span> <span class='ocrx_word' id='word_1_243' title='bbox 569 3502 744 3565; x_wconf 87' lang='lat' dir='ltr'>advocarem</span> <span class='ocrx_word' id='word_1_244' title='bbox 773 3503 832 3565; x_wconf 88' lang='lat' dir='ltr'>nisi</span> <span class='ocrx_word' id='word_1_245' title='bbox 864 3501 992 3564; x_wconf 76' lang='lat' dir='ltr'>Wexius</span> <span class='ocrx_word' id='word_1_246' title='bbox 1025 3500 1061 3563; x_wconf 95' lang='lat' dir='ltr'>ad</span> <span class='ocrx_word' id='word_1_247' title='bbox 1085 3498 1155 3562; x_wconf 79' lang='lat' dir='ltr'>Tae.</span> <span class='ocrx_word' id='word_1_248' title='bbox 1182 3501 1255 3581; x_wconf 84' lang='lat' dir='ltr'>Agr.</span> <span class='ocrx_word' id='word_1_249' title='bbox 1343 3519 1345 3523; x_wconf 49' lang='lat'><strong>¹</strong></span> 
     </span>
    </p>
   </div>
   <div class='ocr_carea' id='block_1_3' title="bbox 170 3604 1256 3698">
    <p class='ocr_par' dir='ltr' id='par_1_6' title="bbox 170 3604 1256 3698">
     <span class='ocr_line' id='line_1_29' title="bbox 170 3604 1256 3698; baseline -0.001 -25"><span class='ocrx_word' id='word_1_250' title='bbox 170 3634 199 3695; x_wconf 90' lang='lat' dir='ltr'>p.</span> <span class='ocrx_word' id='word_1_251' title='bbox 230 3613 269 3674; x_wconf 87' lang='lat'>30</span> <span class='ocrx_word' id='word_1_252' title='bbox 303 3634 338 3674; x_wconf 90' lang='lat' dir='ltr'>ea</span> <span class='ocrx_word' id='word_1_253' title='bbox 368 3632 437 3674; x_wconf 86' lang='lat' dir='ltr'>cum</span> <span class='ocrx_word' id='word_1_254' title='bbox 468 3622 572 3674; x_wconf 86' lang='lat' dir='ltr'>nostro</span> <span class='ocrx_word' id='word_1_255' title='bbox 597 3612 663 3675; x_wconf 90' lang='lat' dir='ltr'>loco</span> <span class='ocrx_word' id='word_1_256' title='bbox 688 3604 892 3698; x_wconf 89' lang='lat' dir='ltr'>compararet;</span> <span class='ocrx_word' id='word_1_257' title='bbox 919 3613 1007 3675; x_wconf 86' lang='lat' dir='ltr'>cuius</span> <span class='ocrx_word' id='word_1_258' title='bbox 1032 3610 1192 3695; x_wconf 85' lang='lat' dir='ltr'>explicatio</span> <span class='ocrx_word' id='word_1_259' title='bbox 1215 3610 1256 3672; x_wconf 77' lang='grc' dir='ltr'>τα</span> 
     </span>
    </p>
   </div>
   <div class='ocr_carea' id='block_1_4' title="bbox 171 3721 1257 4362">
    <p class='ocr_par' dir='ltr' id='par_1_7' title="bbox 171 3721 1257 4362">
     <span class='ocr_line' id='line_1_30' title="bbox 171 3721 1255 3804; baseline -0.002 -19"><span class='ocrx_word' id='word_1_260' title='bbox 171 3723 225 3798; x_wconf 79' lang='grc' dir='ltr'>μὲν</span> <span class='ocrx_word' id='word_1_261' title='bbox 254 3729 342 3803; x_wconf 75' lang='grc' dir='ltr'><em>τρεῖς,</em></span> <span class='ocrx_word' id='word_1_262' title='bbox 371 3722 412 3785; x_wconf 79' lang='grc' dir='ltr'>τα</span> <span class='ocrx_word' id='word_1_263' title='bbox 435 3723 462 3786; x_wconf 77' lang='grc' dir='ltr'>δὲ</span> <span class='ocrx_word' id='word_1_264' title='bbox 491 3723 628 3803; x_wconf 80' lang='grc' dir='ltr'><em>τέτταρες</em></span> <span class='ocrx_word' id='word_1_265' title='bbox 656 3726 891 3804; x_wconf 74' lang='grc' dir='ltr'><em>ατονενρνὶφασν</em></span> <span class='ocrx_word' id='word_1_266' title='bbox 916 3723 982 3787; x_wconf 90' lang='lat' dir='ltr'>loco</span> <span class='ocrx_word' id='word_1_267' title='bbox 1006 3745 1067 3785; x_wconf 90' lang='lat' dir='ltr'>non</span> <span class='ocrx_word' id='word_1_268' title='bbox 1092 3721 1255 3795; x_wconf 84' lang='lat' dir='ltr'>satisfacit3</span> 
     </span>
     <span class='ocr_line' id='line_1_31' title="bbox 171 3833 1257 3920; baseline -0.001 -25"><span class='ocrx_word' id='word_1_269' title='bbox 171 3854 243 3895; x_wconf 91' lang='lat' dir='ltr'>nam</span> <span class='ocrx_word' id='word_1_270' title='bbox 267 3834 292 3897; x_wconf 89' lang='lat' dir='ltr'>si</span> <span class='ocrx_word' id='word_1_271' title='bbox 316 3834 453 3919; x_wconf 83' lang='lat' dir='ltr'>singulae</span> <span class='ocrx_word' id='word_1_272' title='bbox 475 3835 656 3916; x_wconf 69' lang='grc' dir='ltr'><em>ατενραφαί</em></span> <span class='ocrx_word' id='word_1_273' title='bbox 679 3845 796 3920; x_wconf 90' lang='lat' dir='ltr'>partem</span> <span class='ocrx_word' id='word_1_274' title='bbox 820 3836 969 3899; x_wconf 90' lang='lat' dir='ltr'>honorum</span> <span class='ocrx_word' id='word_1_275' title='bbox 993 3833 1165 3918; x_wconf 83' lang='lat' dir='ltr'>complexae</span> <span class='ocrx_word' id='word_1_276' title='bbox 1185 3833 1257 3895; x_wconf 90' lang='lat' dir='ltr'>fuis·</span> 
     </span>
     <span class='ocr_line' id='line_1_32' title="bbox 171 3935 1255 4028; baseline 0 -23"><span class='ocrx_word' id='word_1_277' title='bbox 171 3935 256 4020; x_wconf 77' lang='lat' dir='ltr'>slent,</span> <span class='ocrx_word' id='word_1_278' title='bbox 288 3967 376 4027; x_wconf 85' lang='lat' dir='ltr'>aegre</span> <span class='ocrx_word' id='word_1_279' title='bbox 406 3946 557 4028; x_wconf 86' lang='lat' dir='ltr'>potuisset</span> <span class='ocrx_word' id='word_1_280' title='bbox 588 3946 798 4009; x_wconf 87' lang='lat' dir='ltr'>universorum</span> <span class='ocrx_word' id='word_1_281' title='bbox 829 3968 971 4009; x_wconf 85' lang='lat' dir='ltr'>recensus</span> <span class='ocrx_word' id='word_1_282' title='bbox 1002 3968 1038 4010; x_wconf 87' lang='lat' dir='ltr'>ex</span> <span class='ocrx_word' id='word_1_283' title='bbox 1069 3945 1106 4007; x_wconf 89' lang='lat' dir='ltr'>iis</span> <span class='ocrx_word' id='word_1_284' title='bbox 1139 3945 1255 4008; x_wconf 90' lang='lat' dir='ltr'>confici.</span> 
     </span>
     <span class='ocr_line' id='line_1_33' title="bbox 172 4051 1256 4146; baseline 0.003 -31"><span class='ocrx_word' id='word_1_285' title='bbox 172 4051 232 4116; x_wconf 86' lang='lat' dir='ltr'>Sed</span> <span class='ocrx_word' id='word_1_286' title='bbox 255 4055 327 4118; x_wconf 90' lang='lat' dir='ltr'>satis</span> <span class='ocrx_word' id='word_1_287' title='bbox 351 4054 388 4118; x_wconf 92' lang='lat' dir='ltr'>de</span> <span class='ocrx_word' id='word_1_288' title='bbox 411 4056 477 4119; x_wconf 90' lang='lat' dir='ltr'>hoe.</span> <span class='ocrx_word' id='word_1_289' title='bbox 525 4054 605 4118; x_wconf 91' lang='lat' dir='ltr'>Mihi</span> <span class='ocrx_word' id='word_1_290' title='bbox 628 4056 749 4119; x_wconf 88' lang='lat' dir='ltr'>videtur</span> <span class='ocrx_word' id='word_1_291' title='bbox 772 4059 788 4131; x_wconf 76' lang='grc' dir='ltr'><em>ἥ</em></span> <span class='ocrx_word' id='word_1_292' title='bbox 816 4056 935 4120; x_wconf 89' lang='lat' dir='ltr'>dedisse</span> <span class='ocrx_word' id='word_1_293' title='bbox 958 4056 1080 4146; x_wconf 73' lang='lat' dir='ltr'>Lysias,</span> <span class='ocrx_word' id='word_1_294' title='bbox 1104 4056 1163 4118; x_wconf 86' lang='lat' dir='ltr'>nisi</span> <span class='ocrx_word' id='word_1_295' title='bbox 1178 4056 1256 4118; x_wconf 84' lang='lat' dir='ltr'>forte</span> 
     </span>
     <span class='ocr_line' id='line_1_34' title="bbox 171 4166 1256 4253; baseline 0.003 -26"><span class='ocrx_word' id='word_1_296' title='bbox 171 4166 293 4249; x_wconf 86' lang='lat' dir='ltr'>gravius</span> <span class='ocrx_word' id='word_1_297' title='bbox 328 4166 415 4229; x_wconf 87' lang='lat' dir='ltr'>uleus</span> <span class='ocrx_word' id='word_1_298' title='bbox 452 4167 535 4231; x_wconf 90' lang='lat' dir='ltr'>latet.</span> <span class='ocrx_word' id='word_1_299' title='bbox 583 4167 742 4232; x_wconf 81' lang='lat' dir='ltr'>Scheibius</span> <span class='ocrx_word' id='word_1_300' title='bbox 782 4168 812 4231; x_wconf 87' lang='lat' dir='ltr'>in</span> <span class='ocrx_word' id='word_1_301' title='bbox 845 4190 944 4252; x_wconf 87' lang='lat' dir='ltr'>progr.</span> <span class='ocrx_word' id='word_1_302' title='bbox 978 4169 1088 4253; x_wconf 85' lang='lat' dir='ltr'>Gymn.</span> <span class='ocrx_word' id='word_1_303' title='bbox 1121 4166 1256 4230; x_wconf 83' lang='lat' dir='ltr'>Carolini</span> 
     </span>
     <span class='ocr_line' id='line_1_35' title="bbox 172 4272 857 4362; baseline 0.003 -24"><span class='ocrx_word' id='word_1_304' title='bbox 172 4272 383 4361; x_wconf 81' lang='lat' dir='ltr'>(Neustrelita)</span> <span class='ocrx_word' id='word_1_305' title='bbox 412 4281 493 4341; x_wconf 75' lang='lat'>1852</span> <span class='ocrx_word' id='word_1_306' title='bbox 519 4301 548 4362; x_wconf 94' lang='lat' dir='ltr'>p.</span> <span class='ocrx_word' id='word_1_307' title='bbox 578 4281 614 4340; x_wconf 86' lang='lat'>15</span> <span class='ocrx_word' id='word_1_308' title='bbox 639 4279 690 4341; x_wconf 81' lang='grc' dir='ltr'>καί</span> <span class='ocrx_word' id='word_1_309' title='bbox 713 4277 857 4341; x_wconf 89' lang='lat' dir='ltr'>defendit.</span> 
     </span>
    </p>
   </div>
   <div class='ocr_carea' id='block_1_5' title="bbox 219 4385 1257 4472">
    <p class='ocr_par' dir='ltr' id='par_1_8' title="bbox 219 4385 1257 4472">
     <span class='ocr_line' id='line_1_36' title="bbox 219 4385 1257 4472; baseline 0.007 -25"><span class='ocrx_word' id='word_1_310' title='bbox 219 4385 329 4451; x_wconf 85' lang='lat' dir='ltr'>Statim</span> <span class='ocrx_word' id='word_1_311' title='bbox 358 4389 495 4472; x_wconf 89' lang='lat' dir='ltr'>sequitur</span> <span class='ocrx_word' id='word_1_312' title='bbox 525 4389 610 4452; x_wconf 85' lang='lat' dir='ltr'>locus</span> <span class='ocrx_word' id='word_1_313' title='bbox 642 4412 660 4452; x_wconf 89' lang='lat' dir='ltr'>a</span> <span class='ocrx_word' id='word_1_314' title='bbox 690 4388 795 4452; x_wconf 91' lang='lat' dir='ltr'>multis</span> <span class='ocrx_word' id='word_1_315' title='bbox 823 4395 974 4452; x_wconf 88' lang='lat' dir='ltr'>tentatus:</span> <span class='ocrx_word' id='word_1_316' title='bbox 999 4390 1091 4454; x_wconf 74' lang='grc' dir='ltr'><em>καίτοι</em></span> <span class='ocrx_word' id='word_1_317' title='bbox 1114 4389 1200 4454; x_wconf 76' lang='grc' dir='ltr'><em>τοῦτο’</em></span> <span class='ocrx_word' id='word_1_318' title='bbox 1219 4413 1257 4466; x_wconf 78' lang='grc' dir='ltr'>νε</span> 
     </span>
    </p>
   </div>
   <div class='ocr_carea' id='block_1_6' title="bbox 0 0 1435 5024">
    <p class='ocr_par' dir='ltr' id='par_1_9' title="bbox 0 0 1435 5024">
     <span class='ocr_line' id='line_1_37' title="bbox 0 0 1435 5024; baseline 0 0"><span class='ocrx_word' id='word_1_319' title='bbox 0 0 1435 5024; x_wconf 95' lang='lat' dir='ltr'> </span> 
     </span>
    </p>
   </div>
  </div>
 </body>
</html>
