2850 5024
686 390 749 450 203

169 614 231 669 ρους
254 591 387 663 ποιήσετε
410 589 427 663 ἢ
450 594 511 651 νῖνν
534 589 617 660 sior,
639 587 688 649 κονῖ
734 588 762 648 τ’
776 583 884 654 ἄλλους
905 581 1040 658 βελτίους
1061 579 1195 652 πονήσετε
1206 576 1256 639 κοοῖ

169 699 253 778 τοορίο
282 695 389 762 τούτων
423 697 500 770 δίκην
534 695 688 776 εἰληφότες
734 693 816 772 τοοροὶ
855 692 956 756 τούτου
995 689 1073 763 δίκην
1103 686 1258 767 εἰληφότες

172 808 280 872 ἔσεσθε.
739 801 845 865 ἔοεοίε.

217 916 312 980 Vides
341 914 417 978 haec
447 914 546 977 verbis
579 913 657 976 inter
689 935 720 976 se
743 911 856 976 similia
880 931 954 973 esse.
990 907 1153 992 Superiora
1178 905 1205 988 (q
1230 906 1259 979 7,

169 1027 239 1089 Nic.
265 1027 337 1109 23),
366 1022 478 1105 quibus
505 1045 583 1106 quae
612 1022 798 1106 exspectatio
829 1021 869 1083 sit
898 1019 1056 1082 hominum
1086 1017 1125 1081 de
1148 1022 1259 1079 eventu

170 1135 277 1198 iudicii
300 1133 480 1210 declaratur,
505 1133 658 1196 sententia
678 1154 740 1195 non
764 1130 862 1194 verbis
882 1127 1087 1212 comparanda
1108 1127 1189 1190 inter
1212 1148 1260 1202 se,

169 1265 232 1307 non
255 1242 410 1320 describo,
437 1243 581 1327 quoniam
604 1241 715 1304 similia
737 1239 812 1303 alibi
834 1258 958 1322 quoque
980 1236 1181 1300 inveniuntur
1188 1260 1198 1311 3
1222 1234 1260 1296 cf.

174 1354 225 1414 12.
255 1354 296 1413 35
325 1360 356 1415 et
382 1355 434 1415 22.
466 1355 516 1416 19.
553 1352 702 1415 Maiorem
726 1351 788 1414 vim
810 1349 925 1428 habent
947 1348 1038 1411 haec:

212 1464 229 1545 q
256 1464 305 1526 15.
329 1466 414 1538 ἡμεῖς
437 1464 528 1527 τοίνυν
546 1463 582 1545 (οἱ
598 1463 689 1536 xxxvl-
779 1459 851 1524 Nic.
884 1462 936 1522 35.
973 1461 1058 1536 ἡμεῖς
1089 1456 1143 1532 μὲν
1169 1453 1260 1517 τοίνυν

168 1572 257 1654 ropac)
288 1574 338 1636 οὐκ
368 1574 596 1648 ἠθελησοομεν
627 1595 693 1648 τρο·
737 1574 788 1634 οὐκ
810 1569 993 1644 ηίελνίοοομεν
1009 1564 1063 1629 ὑπὸ
1079 1565 1185 1629 τούτων
1196 1562 1260 1638 ciffis

169 1679 281 1761 δοῦνοοι,
305 1679 442 1756 οὶξνοῦμεν
461 1681 490 1744 δὲ
510 1680 578 1756 μηδ’
598 1681 692 1756 ὑμοῖς,
739 1678 849 1756 ου’μενοι
880 1676 1046 1750 cstodelam,
1075 1672 1109 1737 τὸ
1140 1672 1163 1735 δ’
1187 1671 1260 1735 οὐτὸ

168 1789 403 1865 ἐνθυμουμένους,
427 1813 454 1854 κ.
479 1814 507 1853 τ.
531 1789 554 1852 ἒ.
576 1788 625 1872 (cf.
649 1791 689 1851 14
735 1793 819 1852 τοῦτο
843 1789 1074 1865 τοροοκνλοῖνμεν
1096 1782 1186 1858 auca.

171 1896 309 1960 futurum
332 1898 504 1982 δεήοεοίονν).

213 2005 348 2070 Maxime
372 2006 464 2070 velim
487 2006 619 2083 attendi,
644 2007 677 2069 in
700 2005 861 2089 Epicrates
884 2026 980 2088 paene
1003 2003 1107 2066 omnia
1123 2025 1201 2086 quae
1216 2003 1261 2066 di·

168 2136 254 2178 versa
270 2116 350 2191 sint,
368 2116 473 2198 peiora
488 2137 567 2191 esse,
589 2115 739 2197 quaedam
756 2114 794 2178 ab
809 2122 990 2198 argumento
1006 2113 1105 2177 aliena
1122 2112 1171 2196 (of.
1184 2135 1263 2197 quae

170 2245 264 2307 supra
287 2224 326 2288 ad
348 2225 486 2309 singulos
508 2226 592 2289 locos
612 2227 739 2308 monui).
775 2226 914 2310 Apparet
934 2247 970 2288 ex
986 2225 1049 2301 his,
1069 2223 1261 2307 Epicrateam

169 2353 206 2396 ex
230 2331 436 2398 Nicomachea
458 2335 629 2398 imitatione
653 2357 823 2420 expressam
848 2357 930 2411 esse,
946 2356 1010 2398 non
1025 2339 1141 2397 contra.
1166 2331 1260 2411 Quod
1347 2400 1350 2410 ¹

169 2442 262 2505 etiam
292 2465 329 2505 ex
359 2453 495 2528 tempore
526 2445 648 2508 habitae
676 2444 841 2528 utriusque
874 2443 1020 2507 orationis
1045 2442 1121 2507 effici
1145 2443 1259 2527 possit,

168 2551 320 2633 siquidem
350 2552 588 2617 Nicomacheam
618 2553 710 2616 hodie
739 2553 801 2617 fere
831 2560 952 2616 constat
979 2575 1005 2616 a.
1031 2555 1094 2614 399
1124 2551 1261 2615 habitam

168 2682 234 2724 esse
256 2661 307 2742 (of.
331 2661 443 2746 Bergk.
468 2664 501 2726 iu
525 2663 643 2726 Andoc.
668 2663 741 2727 edit.
765 2662 905 2726 Schiller.
929 2686 960 2746 p.
987 2664 1068 2738 141,
1085 2664 1173 2745 sqq),
1190 2660 1262 2744 Epi·

169 2778 301 2834 crateam
332 2770 605 2836 demonstravimus
637 2772 675 2835 ad
703 2795 730 2835 a.
756 2775 821 2836 393
846 2780 900 2835 aut
923 2772 1016 2856 paulo
1040 2779 1110 2855 post
1134 2770 1262 2834 referen-

169 2879 238 2941 dam
259 2901 332 2943 esse.
376 2880 435 2946 Sed
459 2882 634 2964 quaeritur,
658 2904 734 2946 num
758 2882 865 2966 Lysias
893 2904 981 2945 suam
1004 2881 1068 2964 ipse
1092 2879 1260 2943 orationem

168 2990 348 3070 expresserit
378 2990 478 3053 dicam
509 3014 546 3054 an
574 2991 794 3074 depravaverit.
841 2990 874 3053 Si
904 2999 1045 3074 ageretur
1075 2989 1113 3051 de
1141 2988 1261 3064 ἐνθυμή-

168 3121 243 3173 μοοσν
266 3099 450 3181 quibusdam
474 3102 696 3183 sententiisque
720 3100 996 3186 splendidioribus,
1021 3120 1097 3182 quas
1121 3119 1158 3160 ex
1180 3117 1260 3160 com·

167 3208 323 3270 menteriis
354 3208 559 3292 depromsisse
593 3209 675 3274 credi
706 3219 827 3294 posset,
853 3209 951 3294 possit
974 3208 1042 3291 quis
1066 3207 1195 3269 fortasse
1217 3207 1261 3269 ita

168 3314 313 3378 accidisse
344 3323 471 3399 putare;
498 3341 581 3383 nunc
613 3341 683 3383 vero
713 3341 809 3402 quum
832 3319 919 3383 nullo
943 3325 1056 3381 ornatu
1079 3317 1259 3400 conspicua,

168 3424 278 3506 partim
310 3426 400 3488 exilia
430 3427 492 3491 sint
523 3450 601 3511 quae
632 3436 704 3492 sunt
733 3429 846 3492 similia
876 3430 904 3513 (d
929 3430 999 3511 15),
1032 3427 1174 3509 equidem
1196 3448 1259 3489 non

166 3531 255 3596 facile
277 3535 466 3600 crediderim.

212 3641 305 3721 Quod
336 3647 361 3708 si
389 3646 463 3711 haec
486 3649 584 3711 oratio
608 3670 661 3732 per
684 3671 716 3712 se
739 3655 905 3732 spectatur,
929 3647 1022 3711 etiam
1045 3647 1255 3722 inveniuntur,

167 3774 245 3834 quae
280 3754 449 3821 offendant:
485 3757 587 3822 subita
610 3760 765 3823 conversio
788 3761 805 3842 d
828 3763 858 3821 4.
882 3758 931 3821 κοοῖ
954 3759 1021 3833 ὑμῖν
1044 3757 1121 3836 ἔχως
1145 3778 1257 3820 nomen

167 3862 341 3927 inauditum
375 3865 610 3949 Ὀνομοίοοοντος,
646 3867 706 3945 ib.;
737 3867 870 3944 οῖδίκημον
899 3868 916 3951 ᾧ
941 3870 959 3929 6
966 3893 976 3944 ;
1001 3866 1088 3929 lusus
1112 3866 1145 3929 in
1164 3865 1256 3928 verbo

166 3970 295 4050 ἄκροτοςε
320 3977 351 4037 οὐ
374 3975 433 4055 aar
456 3974 530 4041 οὗτοι
553 3976 663 4056 οῖκμτοί
684 3977 753 4053 aior,
777 3977 840 4057 τερῖ
869 3973 904 4040 ὧν
932 3975 968 4041 cla
989 3976 1071 4052 ὑμεῖς
1090 3973 1194 4046 silai-ss
1216 3974 1257 4038 τοὶ

166 4082 337 4161 προχίὲντοο
368 4086 553 4167 ψηφίσησθε,
594 4086 648 4169 qui
672 4087 729 4150 etsi
752 4109 771 4148 a
793 4084 886 4169 Lysia
907 4106 970 4148 non
992 4084 1110 4147 alienus
1134 4091 1181 4146 est
1206 4084 1256 4165 (of.

165 4192 212 4253 ἐτ’
235 4195 392 4274 οὐτοφώρῳ
418 4218 512 4280 supra
542 4219 572 4280 p.
598 4199 672 4281 98),
697 4204 799 4258 tamen
822 4193 873 4257 hlc
896 4194 1013 4257 nullam
1041 4193 1255 4256 necessitatem

164 4300 272 4378 habet;
293 4311 435 4387 poterant
458 4307 561 4370 omnia
579 4306 634 4369 illa
652 4309 669 4392 q
691 4309 708 4367 8
727 4308 856 4383 ἧνοῦμου
869 4342 913 4352 -
927 4305 944 4388 q
956 4306 974 4365 9
988 4302 1253 4385 κμτοψηφίοουσίε
