2850 5024
634 359 676 419 45

157 557 320 622 Decretum
343 555 458 619 factum
481 555 593 632 fuisse,
618 578 681 639 quo
706 556 791 619 solus
812 556 986 620 Andocides
1003 528 1114 621 diserte
1129 565 1204 621 tem-

114 669 173 753 plis
204 668 433 746 excluderetur,
465 691 565 753 neqne
597 668 695 753 prima
728 691 827 753 neque
859 668 954 733 altera
984 669 1119 733 oratione
1143 671 1206 732 An-

114 782 231 846 docidis
262 781 418 866 proditum
451 790 567 857 exstat3
601 803 688 844 secus
720 780 802 867 apud
825 780 1082 866 Pseudo-Lysiam
1104 783 1121 866 t
1144 783 1203 843 24:

113 895 163 959 ael
193 895 448 974 τροςεψνφίοοιοθε
476 895 558 971 ὑμεῖς
589 893 678 958 οιύτὸν
700 892 843 974 εἴργεσθαι
867 902 918 968 τῆς
942 896 1054 972 ἀνοράς
1077 892 1126 957 nal
1149 898 1205 957 τῶν

113 1005 191 1085 ἱερῶν
222 1010 254 1068 et
282 1005 299 1088 ξ
323 1007 363 1066 52
390 1003 439 1069 τάν
462 1005 562 1082 νόμον,
587 1002 616 1068 ὃν
642 1005 724 1081 ὑμεῖς
747 1004 858 1088 ἔθεσθε,
883 1002 1026 1085 εἴργεσθαι
1049 1012 1104 1069 τῶν
1128 1006 1205 1083 ἱερῶν

114 1115 203 1181 ἀύτὸν
225 1117 262 1189 ὥς
284 1117 427 1196 ἀλιτήριον
450 1117 529 1181 ὄντοι.

161 1227 254 1313 Apud
284 1227 542 1312 PseudoLysiam
575 1250 636 1291 non
668 1235 789 1292 tantum
816 1229 892 1292 rami
916 1227 1062 1313 supplicis
1086 1228 1117 1291 in
1141 1225 1207 1310 My·

114 1338 277 1404 steriorum
301 1339 504 1405 celebratione
527 1340 660 1425 depositi
682 1340 770 1404 nulla
791 1342 906 1405 mentio
930 1348 976 1404 est
996 1339 1090 1424 (And.
1110 1342 1205 1422 llll),

116 1450 171 1514 sed
201 1451 292 1515 etiam
322 1452 359 1516 de
382 1453 533 1537 mysteriis
558 1474 656 1516 sermo
680 1461 726 1516 est
749 1459 895 1537 tanquam
918 1450 1106 1516 instantibus
1128 1452 1145 1535 ξ
1168 1453 1205 1513 5;

115 1563 166 1626 aa}
197 1564 264 1628 τίνοι
290 1564 408 1642 γνώμην
438 1562 522 1628 οἴεσθ’
550 1562 622 1640 ἕξειν
644 1564 710 1635 τοὺς
734 1565 852 1640 adurae
875 1564 940 1636 τοὺς
963 1563 1204 1646 ἀφικνουμένους,

116 1712 162 1722 -
178 1675 194 1751 ἢ
217 1676 283 1747 τοὺς
305 1673 414 1746 ἀλλους
438 1676 588 1751 Ἕλληνος
612 1671 639 1740 οἳ
654 1674 737 1740 ἕνεκα
752 1676 863 1750 ταύτης
879 1683 932 1748 τῆς
948 1675 1043 1757 ἑορτῆς
1057 1725 1064 1740 .
1080 1726 1087 1739 .
1101 1673 1206 1758 (ἔρχον-

114 1785 189 1850 aar?
213 1786 294 1850 And.
315 1790 342 1851 l.
364 1790 419 1872 32)
445 1789 461 1862 ἢ
485 1788 557 1853 θύειν
576 1789 615 1861 εἷς
634 1789 743 1863 τοιύτνν
764 1789 816 1863 τὴν
839 1789 999 1868 ποονάγυριν
1019 1787 1204 1870 βουλόμενοι,

116 1897 281 1978 ἢθεοιρεῖνρ

163 2009 256 2095 Apud
288 2008 477 2074 Andocidem
507 2009 671 2095 Cephisius
703 2010 816 2086 delert;
846 2008 928 2094 apud
951 2007 1207 2092 Pseudo-Lysiam

115 2121 134 2205 a}
165 2123 206 2184 42
238 2121 311 2185 haec
341 2122 503 2205 leguntur:
535 2119 602 2193 ἴσοις
633 2118 680 2186 οὖν
708 2121 757 2185 κοά
788 2121 929 2202 Κηφισίου
952 2121 1207 2199 ἀντικατηγορήσει

117 2230 168 2295 nal
198 2228 254 2307 ἕξει
284 2230 302 2298 ὅ
327 2258 355 2297 τι
386 2233 480 2315 λένῃ·
502 2270 547 2281 -
576 2233 648 2296 ἀλλ’
677 2233 758 2311 ὑμεῖς
782 2230 837 2297 οὐδ’
860 2231 896 2296 ἀν
919 2233 1048 2297 δύνιιιοθε
1070 2242 1107 2312 τῇ
1131 2235 1206 2314 adet

116 2343 211 2424 ψήφῳ
240 2343 288 2408 τόν
320 2346 348 2408 τ’
370 2344 603 2422 ἀπολογούμενον
627 2343 674 2407 κιο)
698 2343 757 2408 τὸν
780 2348 1049 2423 κατηγοροῦντι
1072 2342 1207 2408 κολάοοιι.

117 2452 293 2516 Secundum
328 2453 403 2516 haec
437 2454 527 2518 verba
560 2452 705 2538 Lysiacae
741 2461 847 2516 auctor
876 2463 922 2516 est
945 2453 1140 2518 secundarius
1164 2477 1209 2518 ac-

118 2572 242 2628 cusator
277 2572 307 2628 et
341 2564 441 2627 socius
476 2563 612 2649 Cephisi.
659 2563 769 2647 Itaque
808 2564 882 2627 haec
913 2565 1010 2627 oratio
1041 2566 1073 2628 in
1104 2565 1207 2629 eadem

118 2698 212 2739 causa
246 2675 349 2739 habita
384 2674 513 2750 dicitur,
550 2683 643 2760 atque
674 2676 860 2739 Andociden.
907 2675 949 2738 Et
978 2684 1080 2740 tamen
1112 2683 1209 2738 status

119 2786 308 2870 quaestionis
332 2794 378 2850 est
401 2784 495 2863 alius3
520 2808 581 2850 non
606 2786 637 2849 in
663 2786 782 2870 exiguis
799 2785 983 2870 quibusdam
999 2787 1050 2850 sed
1068 2786 1210 2870 gravibus

118 2897 212 2962 rebus
236 2896 397 2961 discrimen
423 2903 479 2959 est.

171 3010 263 3074 Unde
282 2997 357 3093 quid
374 3007 513 3091 sequitur
529 3005 629 3084 aliud,
647 3028 738 3092 quam
755 3012 909 3070 auctorem
924 3004 1070 3091 Lysiacae
1076 3012 1213 3090 floccatae

73 3179 76 3184 .
125 3123 206 3186 hanc
236 3119 404 3186 orationem
436 3140 503 3182 vere
534 3117 687 3195 habitam,
720 3117 772 3180 sed
800 3117 916 3181 fraudis
944 3119 1091 3204 coargui?
1138 3118 1210 3182 Non

126 3236 223 3321 igitur
252 3236 354 3321 potest
385 3230 460 3293 haec
490 3229 587 3292 oratio
611 3251 629 3292 a
652 3227 766 3292 Maleto
791 3239 845 3292 aut
869 3229 928 3292 alio
953 3253 989 3293 ex
1013 3231 1050 3294 iis
1074 3231 1127 3315 qni
1152 3231 1213 3294 An·

126 3347 266 3412 docidem
290 3352 472 3409 accusarunt
495 3345 609 3429 scripta
632 3367 706 3408 esse.

172 3458 249 3521 Tota
277 3457 351 3520 haec
374 3456 602 3521 subverteretur
625 3456 849 3540 argumentatio
873 3457 898 3519 si
923 3457 1092 3521 Andocidis
1115 3460 1213 3523 oratio

126 3569 167 3634 de
197 3569 351 3653 Mysteriis
383 3568 547 3633 subditicia
578 3576 666 3632 esset.
713 3568 772 3632 Sed
808 3569 947 3653 quamvis
982 3571 1093 3648 fatear,
1127 3594 1214 3655 argu·

126 3687 247 3756 menta,
277 3678 390 3763 quibus
414 3678 571 3742 Mehlerus
595 3680 659 3742 eins
684 3679 898 3742 anctoritatem
920 3679 952 3742 in
977 3680 1104 3746 dubium
1130 3706 1214 3747 noca·

127 3792 190 3869 vit,
214 3790 344 3855 maxime
368 3812 403 3853 ea
426 3812 502 3873 quae
525 3790 563 3855 de
586 3790 653 3853 loco
677 3792 739 3869 τερὶ
758 3790 881 3867 ἀτιμίας
898 3790 990 3868 dicit,
1015 3795 1119 3876 gravia
1134 3818 1212 3873 esse,

126 3901 205 3967 milri
235 3910 337 3965 tamen
368 3923 429 3965 non
461 3901 627 3986 persuasit,
660 3901 826 3965 orationem
851 3909 947 3965 totam
975 3926 1038 3967 esse
1064 3905 1214 3969 Andocidi

127 4011 373 4078 abiudicandam.
413 4010 472 4074 Sed
496 4011 691 4096 supersedere
716 4035 841 4096 possum
865 4035 900 4075 ea
923 4015 1116 4098 quaestione,
1141 4040 1215 4101 quo·
1243 4036 1245 4040 “

127 4126 213 4189 niam
229 4125 319 4187 etiam
336 4123 403 4186 aliis
419 4123 540 4187 indiciis
557 4146 592 4187 ex
608 4124 674 4208 ipsa
690 4125 825 4187 oratione
842 4125 943 4210 petitis
960 4136 1067 4191 auctor
1082 4126 1215 4190 Pseudo·

127 4235 275 4320 Lysiacae
304 4234 418 4299 fraudis
450 4234 649 4299 convincitur.
697 4234 824 4320 Saepius
855 4236 914 4306 ¹sibi
945 4237 1010 4322 ipse
1038 4237 1216 4323 obloquitur

128 4355 161 4410 et
192 4346 229 4410 iis
261 4346 358 4411 verbis
388 4353 418 4409 et
449 4367 485 4409 ea
514 4346 660 4409 orationis
691 4353 845 4411 structura
876 4349 992 4426 utitur,
1024 4372 1102 4435 quae
1134 4349 1214 4414 bono
