2850 5024
695 381 717 439 4

165 588 294 652 ritorum
324 586 478 666 iudicum,
511 587 564 672 qui
595 586 627 650 in
658 588 725 649 iure
756 585 890 651 dicundo
920 595 1050 652 aetatem
1072 595 1193 665 terunt,
1219 593 1250 650 et

166 699 220 763 ubi
251 700 385 762 accusati
408 721 494 762 suam
516 698 576 784 ipsi
600 721 722 762 causam
745 697 870 777 dicunt,
895 701 1007 785 quibus
1030 703 1056 764 si
1079 701 1248 783 contingit,

167 818 200 873 ut
230 834 261 874 ae
290 811 438 895 probent,
462 811 553 875 simul
577 834 693 875 11111111
716 811 938 894 probaverunt,
963 813 1076 878 talibus
1098 814 1194 897 igitur
1216 813 1248 876 iu

163 921 338 985 civitatibus
368 922 446 985 nihil
481 922 573 985 debet
605 922 719 984 oratori
754 924 911 1007 antiquius
946 925 1058 1001 videri,
1090 948 1181 1010 quam
1213 935 1248 986 ut

163 1033 305 1097 conciliet
333 1032 446 1098 dicenti
474 1034 612 1096 iudicum
642 1033 777 1111 animos,
809 1056 969 1120 moresque
1000 1037 1027 1099 ei
1056 1036 1250 1100 adscribata

163 1143 269 1207 fraude
296 1152 327 1208 et
349 1144 420 1208 dolo
444 1144 569 1208 alienos.

207 1254 296 1319 Vidit
327 1256 384 1319 hoc
415 1278 495 1320 unus
524 1257 557 1318 in
588 1256 693 1340 paucis
722 1254 839 1340 Lysias.
885 1256 927 1319 llt
957 1265 993 1321 ut
1023 1256 1250 1321 commendaret

164 1366 315 1445 dicentes,
348 1368 455 1431 subtili
485 1367 649 1431 admodum
673 1374 704 1431 et
727 1376 815 1432 acuto
837 1369 962 1432 invento
986 1378 1168 1433 consecutus
1192 1376 1248 1432 est.

164 1477 315 1542 Ornatum
346 1478 505 1542 verborum
535 1485 567 1542 et
588 1501 732 1564 pompam
755 1481 992 1557 sententiarum,
1017 1503 1095 1564 quae
1118 1481 1251 1544 adversis

163 1589 315 1653 frontibus
347 1589 471 1653 candori
503 1597 533 1653 et
564 1591 730 1654 sinceritati
762 1593 902 1676 opposita
932 1598 1021 1669 sunt,
1045 1614 1108 1655 non
1130 1598 1251 1655 tantum

164 1699 270 1764 sedulo
295 1701 418 1779 vitavit,
443 1701 496 1764 sed
520 1723 615 1784 quum
639 1701 821 1786 perspiceret
844 1701 935 1765 verba
957 1725 1035 1786 quae
1057 1725 1137 1765 unus
1160 1725 1176 1765 e
1199 1724 1252 1786 po·

165 1812 238 1895 pulo
273 1812 405 1896 proferre
439 1823 558 1897 posset,
594 1812 712 1876 facilem
742 1814 878 1877 11111111
909 1835 1082 1890 assensum,
1107 1813 1251 1897 quoniam

164 1922 267 1985 studio
297 1929 329 1986 et
357 1923 567 2001 meditationi,
600 1925 664 1987 sine
695 1925 805 2010 quibus
834 1925 916 1988 fraus
939 1924 1025 1989 nulla
1047 1947 1112 1988 esse
1135 1924 1249 2009 possit,

165 2035 314 2097 contraria
337 2035 415 2111 sint,
440 2034 564 2119 stupido
587 2036 721 2113 homini,
746 2044 778 2099 at
800 2036 897 2113 bono,
922 2036 948 2099 si
971 2043 1134 2120 quaeratur
1157 2033 1194 2098 de
1215 2057 1250 2098 eo

165 2144 246 2228 quod
277 2146 389 2210 factum
422 2147 480 2224 sit,
504 2147 624 2212 facilius
647 2147 729 2212 credi
752 2171 843 2233 quam
863 2150 1028 2247 1errercitato
1053 2154 1085 2211 et
1106 2156 1248 2224 versuto,

163 2257 206 2319 111
234 2256 322 2320 finxit
350 2258 484 2322 dicentes
507 2260 657 2337 sinceros,
681 2252 904 2344 simplicesque'
917 2266 949 2323 et
971 2267 1106 2344 apertos,
1125 2265 1162 2321 ut
1182 2257 1252 2321 sub-

164 2369 260 2454 inepti
283 2370 402 2454 saepius
425 2372 497 2434 sint.
544 2369 631 2450 Quae
664 2370 858 2455 proferuntur
882 2372 991 2456 partim
1018 2380 1091 2434 sunt
1113 2372 1157 2434 ita
1179 2372 1252 2434 trita

164 2488 195 2543 et
225 2480 377 2564 vulgaria,
407 2488 443 2545 ut
465 2482 503 2545 iis
526 2503 589 2544 non
612 2504 689 2567 opus
712 2482 805 2546 luisse
829 2504 924 2566 paene
947 2481 1069 2545 dixeris.
1116 2483 1175 2546 Ast
1197 2483 1251 2545 illa

164 2592 341 2676 simplicitas
372 2583 496 2656 tantum¹
520 2593 623 2670 abest,
648 2599 685 2657 ut
707 2594 819 2678 pignus
842 2595 884 2656 sit
906 2594 1060 2670 veritatis,
1084 2600 1250 2658 utcontra

165 2712 336 2789 comparata
370 2705 411 2767 sit
441 2703 480 2766 ad
510 2704 689 2768 irretiendos
720 2683 891 2782 auditoreS,
923 2706 994 2788 qui,
1026 2704 1100 2768 dum
1131 2712 1250 2768 tantum

164 2813 245 2879 certe
274 2815 462 2894 concedunt,
493 2822 529 2879 ut
558 2815 675 2880 homini
702 2817 831 2880 ridiculo
854 2817 999 2893 fortasse,
1024 2818 1077 2879 sed
1101 2817 1249 2901 simplici,

164 2928 226 2990 veri
242 2926 380 2990 studium
398 2926 589 3006 adscribant,
609 2928 647 2991 ad
664 2931 799 3014 captio's'a
819 2951 926 3013 parum
942 2928 1114 2992 attendunt.
1139 2926 1251 3007 Quem-

163 3036 328 3101 admodum
362 3039 516 3102 Antonius
551 3061 668 3124 semper
701 3040 866 3124 imparatus
901 3039 940 3102 ad
974 3038 1136 3102 dicendum
1171 3061 1251 3102 acce-

162 3150 233 3213 dere
257 3149 430 3227 videbatur,
454 3148 507 3214 sed
530 3150 574 3212 ita
596 3157 661 3214 erat
689 3158 827 3235 paratae,
852 3157 888 3213 ut
911 3150 1028 3214 iudices
1053 3150 1108 3213 illo
1131 3148 1251 3213 dicente

162 3282 392 3345 nonnumquam
415 3261 590 3324 viderentur
612 3283 674 3324 non
698 3261 771 3325 satis
795 3262 892 3345 parati
916 3259 954 3323 ad
974 3260 1143 3323 cavendum
1157 3260 1249 3323 luisse

162 3372 237 3456 (Cic.
260 3372 349 3437 Brut.
372 3375 389 3458 1
414 3375 506 3457 139),
539 3373 583 3437 111
610 3372 755 3485 qysiaeae
779 3395 925 3458 personae
951 3372 1067 3456 (licebit
1088 3372 1169 3436 enim
1192 3370 1251 3434 hoc

161 3483 308 3548 vocabulo
339 3485 397 3568 1111)
419 3485 463 3548 ita
485 3491 559 3548 sunt
582 3486 749 3570 simplices,
775 3492 810 3548 ut
833 3491 935 3548 tamen
959 3484 1038 3547 clam
1062 3506 1094 3547 se
1116 3483 1148 3546 in
1171 3482 1250 3545 iudi-

162 3619 231 3660 cum
265 3597 514 3681 approbationem
543 3598 700 3661 insinuent
731 3604 762 3661 et
792 3618 948 3660 assensum
979 3596 1065 3679 quasi
1097 3594 1247 3658 iurentur.

162 3707 270 3794 Neque
301 3707 382 3772 enim
406 3708 569 3791 quaerebat
590 3708 643 3771 ille
666 3708 913 3784 admirationem,
938 3706 991 3770 sed
1013 3712 1135 3769 tantum
1158 3727 1250 3769 causa

161 3828 198 3884 ut
220 3820 409 3906 probaretur.

206 3931 251 3996 Ea
285 3939 387 3997 autem
421 3931 600 4017 simplicitas
634 3939 665 3995 et
699 3932 792 3995 animi
826 3930 939 3993 candor
973 3929 1075 3992 studio
1109 3950 1127 3990 a
1157 3926 1249 4010 Lysia

162 4046 297 4130 quaesita
320 4052 408 4121 sunt,
433 4067 495 4108 non
519 4051 627 4129 sponte
649 4067 686 4108 ex
706 4044 802 4128 ipsius
821 4044 944 4126 ingenio
964 4041 1133 4115 fluxerunt,
1149 4059 1247 4120 neque

161 4156 242 4219 enim
269 4178 386 4242 semper
408 4179 553 4241 personae
581 4157 646 4221 eius
670 4162 743 4218 sunt
765 4154 917 4238 simplices
940 4152 1069 4235 (εὐήθεις)
1092 4156 1124 4212 et
1146 4155 1247 4211 astuta

161 4265 380 4330 demonstratio
415 4289 476 4330 non
511 4267 596 4330 deest
625 4288 680 4329 nec
710 4266 861 4330 malitiosa
891 4263 994 4347 legum
1022 4259 1244 4344 interpretatio.

161 4375 220 4440 Sed
252 4379 369 4443 etiamsi
406 4386 469 4443 arte
500 4379 579 4443 hanc
609 4358 740 4464 speciem
770 4380 833 4443 suis
856 4375 1031 4441 hominibus
1054 4372 1245 4447 conciliavit,
