2850 5024
720 381 758 442 97

192 603 258 656 γειν
284 573 517 659 ἀναγκάζοντες,
542 575 784 658 προσγράψασθαι
809 576 874 643 τότε
898 576 944 643 ἐτ’
968 574 1135 662 αὐτοφώρῳ.
1182 573 1286 639 Unde·

194 688 313 754 eimviri
343 711 406 753 non
438 687 500 752 dici
530 695 660 773 possunt
690 691 792 754 iubere
815 711 936 754 oausam
959 689 998 754 ad
1022 711 1113 753 suum
1134 686 1286 751 iudicium

194 799 323 877 deferri;
354 799 470 864 nemini
501 798 562 863 tale
593 798 667 884 quid
698 800 864 884 praescribi
887 807 989 886 potest
1012 801 1045 865 in
1068 798 1209 876 civitate,
1234 796 1287 861 ubi
1359 847 1360 851 ,

193 915 208 979 ὁ
240 911 415 992 βουλόμενος
442 915 581 987 accusat,
607 909 721 974 nedum
744 911 782 976 ab
806 932 841 975 eo
866 912 920 996 qni
942 911 1094 975 iudicium
1116 909 1182 994 ipse
1206 929 1287 972 exer-

194 1031 263 1102 cet3
287 1029 418 1108 possunt
440 1042 511 1086 vero
534 1020 668 1098 iudices,
692 1021 767 1086 dum
789 1021 933 1086 reiioiunt
956 1040 1096 1098 causam,
1118 1018 1210 1083 simul
1225 1039 1287 1081 mo·

193 1157 268 1200 nere
292 1133 366 1219 quid
389 1133 423 1196 in
445 1131 577 1196 formula
599 1131 783 1196 accusatoris
806 1131 989 1196 mutandum
1013 1131 1063 1195 sit.
1102 1129 1172 1194 Hoc
1196 1127 1286 1192 verbo

193 1243 377 1326 ἀναγκάζειν
412 1243 620 1328 significatum
652 1243 713 1307 tale
741 1244 894 1307 monitum
923 1243 986 1307 vim
1016 1241 1109 1306 habet
1132 1239 1222 1317 iussi3
1248 1238 1286 1303 cf.

194 1357 278 1422 Isaei
302 1355 404 1418 locum
428 1376 445 1417 a
468 1353 725 1418 Rauchensteinio
749 1353 938 1439 adscriptum
963 1356 1014 1417 10.
1039 1355 1075 1415 2:
1094 1348 1287 1428 ἠνάγκασμαι

195 1470 249 1543 τὴν
272 1464 386 1546 μητέρα
407 1465 459 1539 τὴν
482 1459 553 1541 ἐμὴν
577 1463 644 1543 τρύς
667 1474 704 1546 τῇ
728 1464 873 1543 άνακρίσει
896 1462 1093 1545 Ἀριστάρχου
1116 1457 1288 1528 εἷναιάδελ·

195 1579 256 1662 φύρν
279 1574 531 1658 προσγράψασθαι.
575 1573 647 1639 Non
671 1582 774 1639 autem
796 1575 884 1660 iungi
906 1581 1009 1660 potest
1028 1575 1052 1639 οἱ
1069 1570 1187 1657 ἕνδεκα,
1205 1571 1288 1638 άιιά·

198 1713 262 1768 γειο
286 1685 503 1767 ἀναγκάζοντες
527 1687 635 1752 δοκοῦσι
656 1685 916 1769 προσγράψασθαι,
941 1708 1003 1772 quo
1026 1684 1107 1749 facto
1133 1682 1194 1768 ipsi
1210 1681 1289 1746 dice·

198 1810 304 1864 rentur
326 1798 431 1862 secisse
455 1820 533 1882 quae
556 1798 666 1862 actoris
688 1805 778 1875 sunt,
796 1797 849 1862 sed
865 1797 1029 1862 cohaerent
1046 1797 1136 1862 verba
1150 1791 1287 1873 άναγκά·

197 1909 294 1992 ζοντες
324 1908 577 1991 τροςγράψασώαι.
623 1907 690 1972 Iam
720 1929 790 1987 vero
815 1908 986 1972 infinitivus
1009 1906 1140 1984 άτάγειν
1162 1905 1287 1970 tolerari

198 2042 261 2085 non
277 2019 392 2105 poterit
407 2019 460 2082 sed
476 2041 532 2104 pro
549 2041 584 2083 eo
600 2017 850 2083 substituendum
865 2017 1169 2096 νίώούυοάτάγοντα.
1192 2017 1288 2082 Porro

198 2133 248 2197 οὐκ
281 2135 352 2194 ante
382 2129 499 2209 οἰόμενοι
531 2130 606 2214 quin
637 2128 814 2194 addendum
844 2129 884 2194 sit
914 2130 1040 2194 minime
1064 2128 1173 2195 dubito
1180 2154 1189 2207 3
1215 2108 1288 2193 suae

198 2243 280 2306 enim
311 2263 419 2304 causae
449 2242 515 2327 ipse
546 2241 694 2315 officeret,
725 2242 751 2305 si
774 2241 997 2307 undecimviros
1021 2242 1157 2328 Agorato
1180 2241 1289 2307 favisse

197 2351 360 2429 feneratum
393 2358 484 2436 atque
515 2353 559 2416 ita
589 2353 648 2417 iam
678 2352 826 2438 Taylorns
859 2360 890 2417 et
912 2351 1125 2418 Markiendus.
1172 2353 1289 2418 Verum

197 2463 223 2526 si
250 2464 301 2528 οὐκ
331 2469 377 2525 est
408 2460 601 2541 addendum,
634 2464 685 2528 vix
715 2463 775 2528 καὶ
808 2462 1042 2545 διισχυριζόμενοι
1065 2464 1174 2541 iocum
1198 2486 1288 2528 suum

195 2573 277 2638 tuoni
303 2573 417 2658 poterit
424 2598 434 2650 3
458 2595 513 2658 pro
538 2596 574 2636 eo
597 2572 751 2659 Sauppius
776 2581 806 2638 et
828 2574 1065 2640 Rauohenstein.
1089 2575 1174 2640 άλλα
1195 2574 1287 2656 διισχ.

196 2683 406 2762 substituunt3
432 2683 485 2747 sed
508 2685 611 2770 ipsum
633 2685 761 2749 verbum
783 2683 1002 2766 διισχυρίζεσθαι
1021 2709 1113 2771 supra
1130 2688 1147 2771 ζ
1164 2688 1204 2750 85
1222 2686 1288 2765 bis,

197 2801 228 2859 et
256 2816 363 2858 narsus
397 2794 475 2858 infra
502 2796 519 2879 §
543 2797 583 2858 88
608 2794 721 2858 lectum
745 2795 804 2861 hoe
827 2793 952 2880 quidem
975 2795 1042 2859 loco
1066 2818 1137 2889 non¹
1152 2804 1222 2882 apte
1245 2798 1288 2862 vi·

198 2905 289 2969 detur
320 2903 358 2968 de
387 2903 543 2970 iudicibus
574 2904 708 2984 dictum,
741 2928 872 2991 quorum
903 2927 966 2969 non
996 2911 1041 2970 est
1065 2929 1234 2972 asseverare
1257 2918 1288 2972 et

191 3037 394 3101 propugnare
429 3015 483 3080 sed
518 3015 698 3102 simpliciter
732 3038 900 3101 proponere
936 3016 1129 3080 sententiam.
1184 3012 1288 3098 Quare

183 3125 360 3212 legendum
383 3125 445 3190 fero
468 3127 656 3211 putaverim:
681 3127 789 3193 δοκοῦσι
813 3125 836 3190 δ’
860 3124 954 3204 ἔμοιγ’
978 3128 1002 3191 οἱ
1025 3123 1142 3206 ἕνδεκα,
1158 3129 1182 3192 οἱ
1195 3152 1288 3210 σαρα-

176 3235 345 3318 aegaeon
376 3239 428 3314 τὴν
457 3239 627 3317 άταγοογύν
657 3238 786 3315 ταύτην,
819 3240 868 3303 οὐκ
898 3236 1016 3314 οἰόμενοι
1039 3238 1190 3321 Ἀγοράτῳ
1212 3265 1288 3319 ουρ·

165 3351 334 3426 πράττειν
359 3347 428 3415 τότε
453 3348 516 3434 [καὶ
542 3348 809 3434 διισχυριζόμενοι],
834 3349 935 3431 σφόδρ’
957 3351 1038 3432 ὀρθῶς
1061 3359 1195 3428 ποιῆσαι,
1219 3362 1287 3416 Διο-

163 3456 287 3528 νύσιον
310 3461 363 3535 τὴν
385 3460 556 3537 άταγιογύν
577 3458 728 3538 άσάγοντ’
751 3458 969 3540 άναγκάζοντες
992 3445 1233 3544 προσγράψασθαι
1253 3457 1286 3529 τὸ

155 3567 238 3631 ἐτ’
272 3569 448 3654 αὐτοφώρῳ,
479 3568 647 3647 „videntur
674 3570 752 3634 mihi
779 3569 999 3650 undecimviri,
1023 3573 1077 3656 qui
1098 3572 1287 3638 admiserunt

148 3677 299 3752 „hano
322 3680 525 3759 delationem,
550 3704 613 3746 non
636 3689 779 3768 putantes
802 3707 834 3748 se
857 3691 925 3747 tum
947 3684 1082 3768 Agorato
1102 3684 1218 3764 favere,
1235 3707 1288 3770 op·

145 3793 292 3862 „time
315 3792 443 3870 fecisse,
468 3792 551 3876 quod
574 3792 758 3878 Dionysium
781 3793 964 3859 delationem
985 3794 1170 3860 deferentem
1185 3818 1289 3882 coege-

145 3913 290 3971 „runt
315 3902 488 3969 adscribere
511 3903 565 3967 illa
580 3905 627 3968 ἐτ’
642 3905 830 3989 αὐτοφώρῳ.”
853 3905 1018 3989 Sequentia
1033 3906 1153 3992 egregie
1168 3908 1289 3972 sanavit

145 4001 435 4083 Herwerdenus:
469 4013 514 4079 ἔτ’
546 4017 704 4098 αὐτοφώρῳ
735 4017 821 4101 (haee
842 4017 934 4080 verba
956 4017 1078 4102 repetit)
1102 4017 1131 4082 δὲ
1153 4025 1213 4092 τώς
1236 4020 1287 4085 οὐκ

149 4112 212 4182 ἂν
261 4127 324 4213 εἴη,
352 4127 443 4200 εἴτις
467 4132 575 4210 πρώτον
598 4127 670 4208 μὲν,
693 4154 721 4194 κ.
746 4154 775 4194 τ.
799 4131 841 4206 ἑ.,
866 4135 932 4193 tum
955 4131 985 4194 οὐ
1008 4130 1068 4210 γάρ
1091 4130 1180 4206 δάνιον
1202 4135 1287 4195 τοῦτο

158 4232 278 4306 μόνον
301 4249 359 4306 νοεῖ
377 4239 411 4304 τύ
434 4237 483 4303 ἐτ’
506 4239 682 4324 αὐτοφώρῳ,
707 4265 735 4305 κ.
759 4266 787 4307 τ.
813 4242 836 4305 ἑ.
860 4261 946 4319 „non
969 4239 1051 4304 enim
1075 4240 1132 4304 hoc
1155 4239 1215 4305 sibi
1237 4262 1287 4309 vo.

173 4338 288 4416 ‚nune
311 4350 402 4416 verba
423 4348 477 4412 illa
500 4348 547 4413 ἐτ’
566 4351 738 4434 αὐτοφώρῳ,
757 4351 782 4414 si
798 4350 866 4434 quis
882 4350 992 4416 baculo
1008 4373 1098 4437 quem
1115 4358 1169 4416 aut
1184 4351 1286 4437 gladio

1148 4467 1166 4524 7
