<?xml version="1.0" encoding="UTF-8"?>
<!DOCTYPE html PUBLIC "-//W3C//DTD XHTML 1.0 Transitional//EN"
    "http://www.w3.org/TR/xhtml1/DTD/xhtml1-transitional.dtd">
<html xmlns="http://www.w3.org/1999/xhtml" xml:lang="en" lang="en">
 <head>
  <title>
</title>
<meta http-equiv="Content-Type" content="text/html;charset=utf-8" />
  <meta name='ocr-system' content='tesseract 3.04.00' />
  <meta name='ocr-capabilities' content='ocr_page ocr_carea ocr_par ocr_line ocrx_word'/>
</head>
<body>
  <div class='ocr_page' id='page_1' title='image "./commentationesl00frangoog_0221.png"; bbox 0 0 2850 5024; ppageno 0'>
   <div class='ocr_carea' id='block_1_1' title="bbox 646 377 709 438">
    <p class='ocr_par' dir='ltr' id='par_1_1' title="bbox 646 377 709 438">
     <span class='ocr_line' id='line_1_1' title="bbox 646 377 709 438; baseline 0.032 -2"><span class='ocrx_word' id='word_1_1' title='bbox 646 377 709 438; x_wconf 74' lang='lat'><strong>209</strong></span> 
     </span>
    </p>
   </div>
   <div class='ocr_carea' id='block_1_2' title="bbox 127 572 1250 4494">
    <p class='ocr_par' dir='ltr' id='par_1_2' title="bbox 127 572 1250 2860">
     <span class='ocr_line' id='line_1_2' title="bbox 129 572 1220 658; baseline 0.001 -23"><span class='ocrx_word' id='word_1_2' title='bbox 129 581 159 636; x_wconf 89' lang='lat' dir='ltr'><strong>et</strong></span> <span class='ocrx_word' id='word_1_3' title='bbox 183 572 342 658; x_wconf 90' lang='lat' dir='ltr'><strong>prudentis</strong></span> <span class='ocrx_word' id='word_1_4' title='bbox 366 574 494 635; x_wconf 88' lang='lat' dir='ltr'><strong>oratoris</strong></span> <span class='ocrx_word' id='word_1_5' title='bbox 517 595 580 636; x_wconf 91' lang='lat' dir='ltr'><strong>non</strong></span> <span class='ocrx_word' id='word_1_6' title='bbox 605 579 651 636; x_wconf 90' lang='lat' dir='ltr'><strong>est</strong></span> <span class='ocrx_word' id='word_1_7' title='bbox 675 595 856 657; x_wconf 86' lang='lat' dir='ltr'><strong>exaggerare</strong></span> <span class='ocrx_word' id='word_1_8' title='bbox 879 595 944 648; x_wconf 92' lang='lat' dir='ltr'><strong>res,</strong></span> <span class='ocrx_word' id='word_1_9' title='bbox 969 594 1047 655; x_wconf 91' lang='lat' dir='ltr'><strong>quae</strong></span> <span class='ocrx_word' id='word_1_10' title='bbox 1069 573 1159 635; x_wconf 87' lang='lat' dir='ltr'><strong>facile</strong></span> <span class='ocrx_word' id='word_1_11' title='bbox 1183 573 1220 636; x_wconf 93' lang='lat' dir='ltr'><strong>ab</strong></span> 
     </span>
     <span class='ocr_line' id='line_1_3' title="bbox 128 683 1222 770; baseline 0.003 -25"><span class='ocrx_word' id='word_1_12' title='bbox 128 683 299 748; x_wconf 88' lang='lat' dir='ltr'><strong>adversario</strong></span> <span class='ocrx_word' id='word_1_13' title='bbox 330 685 472 769; x_wconf 83' lang='lat' dir='ltr'><strong>redargui</strong></span> <span class='ocrx_word' id='word_1_14' title='bbox 501 693 640 770; x_wconf 82' lang='lat' dir='ltr'><strong>possunt.</strong></span> <span class='ocrx_word' id='word_1_15' title='bbox 688 685 747 749; x_wconf 85' lang='lat' dir='ltr'><strong>Sed</strong></span> <span class='ocrx_word' id='word_1_16' title='bbox 771 707 863 769; x_wconf 91' lang='lat' dir='ltr'><strong>quam</strong></span> <span class='ocrx_word' id='word_1_17' title='bbox 888 686 1030 770; x_wconf 84' lang='lat' dir='ltr'><strong>credulus</strong></span> <span class='ocrx_word' id='word_1_18' title='bbox 1054 687 1147 749; x_wconf 85' lang='lat' dir='ltr'><strong>fucrit</strong></span> <span class='ocrx_word' id='word_1_19' title='bbox 1170 709 1222 770; x_wconf 95' lang='lat' dir='ltr'><strong>po·</strong></span> 
     </span>
     <span class='ocr_line' id='line_1_4' title="bbox 129 792 1223 880; baseline 0.004 -25"><span class='ocrx_word' id='word_1_20' title='bbox 129 792 227 877; x_wconf 86' lang='lat' dir='ltr'><strong>pallus</strong></span> <span class='ocrx_word' id='word_1_21' title='bbox 250 794 391 872; x_wconf 89' lang='lat' dir='ltr'><strong>Atticus,</strong></span> <span class='ocrx_word' id='word_1_22' title='bbox 417 816 509 877; x_wconf 90' lang='lat' dir='ltr'><strong>quarn</strong></span> <span class='ocrx_word' id='word_1_23' title='bbox 533 795 612 858; x_wconf 88' lang='lat' dir='ltr'><strong>nihil</strong></span> <span class='ocrx_word' id='word_1_24' title='bbox 634 817 697 858; x_wconf 90' lang='lat' dir='ltr'><strong>non</strong></span> <span class='ocrx_word' id='word_1_25' title='bbox 721 795 908 879; x_wconf 87' lang='lat' dir='ltr'><strong>probaverit,</strong></span> <span class='ocrx_word' id='word_1_26' title='bbox 934 796 1017 880; x_wconf 93' lang='lat' dir='ltr'><strong>quod</strong></span> <span class='ocrx_word' id='word_1_27' title='bbox 1040 797 1134 860; x_wconf 91' lang='lat' dir='ltr'><strong>semel</strong></span> <span class='ocrx_word' id='word_1_28' title='bbox 1157 819 1223 859; x_wconf 90' lang='lat' dir='ltr'><strong>sus-</strong></span> 
     </span>
     <span class='ocr_line' id='line_1_5' title="bbox 128 904 1250 992; baseline 0.004 -26"><span class='ocrx_word' id='word_1_29' title='bbox 128 912 236 988; x_wconf 83' lang='lat' dir='ltr'>ceptae</span> <span class='ocrx_word' id='word_1_30' title='bbox 267 905 404 987; x_wconf 90' lang='lat' dir='ltr'><strong>opinioni</strong></span> <span class='ocrx_word' id='word_1_31' title='bbox 436 904 473 967; x_wconf 91' lang='lat' dir='ltr'><strong>de</strong></span> <span class='ocrx_word' id='word_1_32' title='bbox 503 905 593 990; x_wconf 93' lang='lat' dir='ltr'><strong>culpa</strong></span> <span class='ocrx_word' id='word_1_33' title='bbox 622 905 753 982; x_wconf 84' lang='lat' dir='ltr'><strong>faveret,</strong></span> <span class='ocrx_word' id='word_1_34' title='bbox 781 928 843 969; x_wconf 92' lang='lat' dir='ltr'><strong>non</strong></span> <span class='ocrx_word' id='word_1_35' title='bbox 874 928 936 969; x_wconf 94' lang='lat' dir='ltr'><strong>uno</strong></span> <span class='ocrx_word' id='word_1_36' title='bbox 968 906 1036 969; x_wconf 90' lang='lat' dir='ltr'><strong>loco</strong></span> <span class='ocrx_word' id='word_1_37' title='bbox 1067 906 1220 970; x_wconf 90' lang='lat' dir='ltr'><strong>docemur.</strong></span> <span class='ocrx_word' id='word_1_38' title='bbox 1246 982 1250 992; x_wconf 33' lang='grc'>1</span> 
     </span>
     <span class='ocr_line' id='line_1_6' title="bbox 128 1011 1221 1097; baseline 0.004 -22"><span class='ocrx_word' id='word_1_39' title='bbox 128 1011 244 1097; x_wconf 86' lang='lat' dir='ltr'><strong>Lepide</strong></span> <span class='ocrx_word' id='word_1_40' title='bbox 285 1013 504 1097; x_wconf 84' lang='lat' dir='ltr'><strong>Aristophanes</strong></span> <span class='ocrx_word' id='word_1_41' title='bbox 544 1015 575 1077; x_wconf 94' lang='lat' dir='ltr'><strong>in</strong></span> <span class='ocrx_word' id='word_1_42' title='bbox 615 1015 864 1079; x_wconf 86' lang='lat' dir='ltr'><strong>Acharnensibus</strong></span> <span class='ocrx_word' id='word_1_43' title='bbox 905 1037 970 1080; x_wconf 87' lang='lat' dir='ltr'><strong>eam</strong></span> <span class='ocrx_word' id='word_1_44' title='bbox 1010 1016 1221 1080; x_wconf 88' lang='lat' dir='ltr'><strong>credulitatem</strong></span> 
     </span>
     <span class='ocr_line' id='line_1_7' title="bbox 128 1123 1221 1208; baseline 0.003 -24"><span class='ocrx_word' id='word_1_45' title='bbox 128 1123 302 1206; x_wconf 85' lang='lat' dir='ltr'><strong>sugillavit,</strong></span> <span class='ocrx_word' id='word_1_46' title='bbox 334 1124 483 1187; x_wconf 91' lang='lat' dir='ltr'><strong>inducens</strong></span> <span class='ocrx_word' id='word_1_47' title='bbox 515 1123 636 1207; x_wconf 84' lang='lat' dir='ltr'><strong>legatos</strong></span> <span class='ocrx_word' id='word_1_48' title='bbox 665 1124 756 1208; x_wconf 86' lang='lat' dir='ltr'><strong>Regis</strong></span> <span class='ocrx_word' id='word_1_49' title='bbox 787 1125 820 1188; x_wconf 90' lang='lat' dir='ltr'><strong>in</strong></span> <span class='ocrx_word' id='word_1_50' title='bbox 852 1126 1026 1189; x_wconf 87' lang='lat' dir='ltr'><strong>contionem</strong></span> <span class='ocrx_word' id='word_1_51' title='bbox 1054 1126 1221 1202; x_wconf 87' lang='lat' dir='ltr'><strong>admissos,</strong></span> 
     </span>
     <span class='ocr_line' id='line_1_8' title="bbox 129 1225 1221 1318; baseline 0 -22"><span class='ocrx_word' id='word_1_52' title='bbox 129 1235 183 1316; x_wconf 90' lang='lat' dir='ltr'><strong>qui</strong></span> <span class='ocrx_word' id='word_1_53' title='bbox 214 1257 231 1296; x_wconf 91' lang='lat' dir='ltr'><strong>a</strong></span> <span class='ocrx_word' id='word_1_54' title='bbox 257 1225 345 1296; x_wconf 85' lang='lat' dir='ltr'><strong>nullo</strong></span> <span class='ocrx_word' id='word_1_55' title='bbox 369 1233 595 1318; x_wconf 86' lang='lat' dir='ltr'><strong>intelleguntur</strong></span> <span class='ocrx_word' id='word_1_56' title='bbox 618 1234 670 1297; x_wconf 91' lang='lat' dir='ltr'><strong>sed</strong></span> <span class='ocrx_word' id='word_1_57' title='bbox 694 1241 797 1297; x_wconf 88' lang='lat' dir='ltr'><strong>tamen</strong></span> <span class='ocrx_word' id='word_1_58' title='bbox 820 1234 911 1298; x_wconf 92' lang='lat' dir='ltr'><strong>fidem</strong></span> <span class='ocrx_word' id='word_1_59' title='bbox 934 1235 1112 1312; x_wconf 88' lang='lat' dir='ltr'><strong>inveniunt,</strong></span> <span class='ocrx_word' id='word_1_60' title='bbox 1138 1234 1221 1318; x_wconf 92' lang='lat' dir='ltr'><strong>quod</strong></span> 
     </span>
     <span class='ocr_line' id='line_1_9' title="bbox 129 1343 1221 1429; baseline 0 -23"><span class='ocrx_word' id='word_1_61' title='bbox 129 1365 269 1427; x_wconf 87' lang='lat' dir='ltr'><strong>magnam</strong></span> <span class='ocrx_word' id='word_1_62' title='bbox 302 1344 464 1427; x_wconf 91' lang='lat' dir='ltr'><strong>pecuniam</strong></span> <span class='ocrx_word' id='word_1_63' title='bbox 496 1367 513 1406; x_wconf 90' lang='lat' dir='ltr'><strong>a</strong></span> <span class='ocrx_word' id='word_1_64' title='bbox 542 1343 626 1429; x_wconf 82' lang='lat' dir='ltr'><strong>Rege</strong></span> <span class='ocrx_word' id='word_1_65' title='bbox 657 1343 764 1407; x_wconf 86' lang='lat' dir='ltr'><strong>offerre</strong></span> <span class='ocrx_word' id='word_1_66' title='bbox 795 1344 942 1408; x_wconf 89' lang='lat' dir='ltr'><strong>dicuntur</strong></span> <span class='ocrx_word' id='word_1_67' title='bbox 970 1347 1044 1425; x_wconf 80' lang='lat'><strong>(98,</strong></span> <span class='ocrx_word' id='word_1_68' title='bbox 1069 1347 1166 1427; x_wconf 64' lang='lat' dir='ltr'><strong>squ),</strong></span> <span class='ocrx_word' id='word_1_69' title='bbox 1191 1351 1221 1407; x_wconf 87' lang='lat' dir='ltr'><strong>et</strong></span> 
     </span>
     <span class='ocr_line' id='line_1_10' title="bbox 127 1453 1221 1538; baseline 0.001 -23"><span class='ocrx_word' id='word_1_70' title='bbox 127 1454 159 1515; x_wconf 92' lang='lat' dir='ltr'><strong>in</strong></span> <span class='ocrx_word' id='word_1_71' title='bbox 193 1453 297 1516; x_wconf 87' lang='lat' dir='ltr'><strong>eadem</strong></span> <span class='ocrx_word' id='word_1_72' title='bbox 328 1454 434 1517; x_wconf 88' lang='lat' dir='ltr'><strong>fabula</strong></span> <span class='ocrx_word' id='word_1_73' title='bbox 456 1455 551 1538; x_wconf 75' lang='lat'>(635)</span> <span class='ocrx_word' id='word_1_74' title='bbox 575 1454 726 1538; x_wconf 87' lang='lat' dir='ltr'><strong>gloriatur</strong></span> <span class='ocrx_word' id='word_1_75' title='bbox 750 1461 858 1538; x_wconf 86' lang='lat' dir='ltr'><strong>pocta,</strong></span> <span class='ocrx_word' id='word_1_76' title='bbox 883 1454 967 1537; x_wconf 93' lang='lat' dir='ltr'><strong>quod</strong></span> <span class='ocrx_word' id='word_1_77' title='bbox 988 1455 1021 1517; x_wconf 93' lang='lat' dir='ltr'><strong>in</strong></span> <span class='ocrx_word' id='word_1_78' title='bbox 1044 1457 1221 1536; x_wconf 73' lang='lat' dir='ltr'><strong>Babyloniis</strong></span> 
     </span>
     <span class='ocr_line' id='line_1_11' title="bbox 128 1562 1221 1641; baseline 0.001 -16"><span class='ocrx_word' id='word_1_79' title='bbox 128 1563 332 1626; x_wconf 78' lang='lat' dir='ltr'><strong>Athenienses</strong></span> <span class='ocrx_word' id='word_1_80' title='bbox 355 1563 466 1628; x_wconf 74' lang='grc' dir='ltr'><em>ἔπαυσε</em></span> <span class='ocrx_word' id='word_1_81' title='bbox 489 1562 621 1638; x_wconf 76' lang='grc' dir='ltr'><em>ξενικοῖσι</em></span> <span class='ocrx_word' id='word_1_82' title='bbox 645 1565 742 1641; x_wconf 67' lang='grc' dir='ltr'><strong>λόγοις</strong></span> <span class='ocrx_word' id='word_1_83' title='bbox 766 1565 808 1641; x_wconf 68' lang='grc' dir='ltr'><strong>μὴ</strong></span> <span class='ocrx_word' id='word_1_84' title='bbox 831 1564 899 1628; x_wconf 68' lang='grc' dir='ltr'><strong>λίαν</strong></span> <span class='ocrx_word' id='word_1_85' title='bbox 920 1563 1139 1640; x_wconf 61' lang='grc' dir='ltr'><strong>ἐξαπατᾶσθαι.</strong></span> <span class='ocrx_word' id='word_1_86' title='bbox 1163 1563 1221 1626; x_wconf 86' lang='lat' dir='ltr'><strong>Ve-</strong></span> 
     </span>
     <span class='ocr_line' id='line_1_12' title="bbox 127 1673 1221 1759; baseline -0.001 -22"><span class='ocrx_word' id='word_1_87' title='bbox 127 1696 196 1737; x_wconf 93' lang='lat' dir='ltr'><strong>rum</strong></span> <span class='ocrx_word' id='word_1_88' title='bbox 219 1674 311 1737; x_wconf 87' lang='lat' dir='ltr'><strong>nimis</strong></span> <span class='ocrx_word' id='word_1_89' title='bbox 335 1673 388 1736; x_wconf 87' lang='lat' dir='ltr'><strong>ille</strong></span> <span class='ocrx_word' id='word_1_90' title='bbox 411 1673 470 1736; x_wconf 92' lang='lat' dir='ltr'><strong>hoc</strong></span> <span class='ocrx_word' id='word_1_91' title='bbox 494 1673 607 1756; x_wconf 89' lang='lat' dir='ltr'><strong>gaudio</strong></span> <span class='ocrx_word' id='word_1_92' title='bbox 632 1673 814 1737; x_wconf 83' lang='lat' dir='ltr'><strong>exsultabat.</strong></span> <span class='ocrx_word' id='word_1_93' title='bbox 861 1673 947 1738; x_wconf 91' lang='lat' dir='ltr'><strong>Nota</strong></span> <span class='ocrx_word' id='word_1_94' title='bbox 969 1681 1042 1738; x_wconf 89' lang='lat' dir='ltr'><strong>sunt</strong></span> <span class='ocrx_word' id='word_1_95' title='bbox 1061 1697 1139 1759; x_wconf 90' lang='lat' dir='ltr'><strong>quae</strong></span> <span class='ocrx_word' id='word_1_96' title='bbox 1153 1681 1221 1757; x_wconf 91' lang='lat' dir='ltr'><strong>post</strong></span> 
     </span>
     <span class='ocr_line' id='line_1_13' title="bbox 127 1782 1221 1867; baseline 0 -22"><span class='ocrx_word' id='word_1_97' title='bbox 127 1783 159 1846; x_wconf 91' lang='lat' dir='ltr'><strong>in</strong></span> <span class='ocrx_word' id='word_1_98' title='bbox 191 1783 485 1867; x_wconf 87' lang='lat' dir='ltr'><strong>Hermacopidarum</strong></span> <span class='ocrx_word' id='word_1_99' title='bbox 515 1782 630 1846; x_wconf 89' lang='lat' dir='ltr'><strong>iudicio</strong></span> <span class='ocrx_word' id='word_1_100' title='bbox 662 1783 742 1846; x_wconf 86' lang='lat' dir='ltr'><strong>lacta</strong></span> <span class='ocrx_word' id='word_1_101' title='bbox 770 1790 860 1860; x_wconf 84' lang='lat' dir='ltr'><strong>sunt3</strong></span> <span class='ocrx_word' id='word_1_102' title='bbox 885 1790 1015 1847; x_wconf 89' lang='lat' dir='ltr'><strong>testatus</strong></span> <span class='ocrx_word' id='word_1_103' title='bbox 1039 1791 1086 1847; x_wconf 87' lang='lat' dir='ltr'><strong>est</strong></span> <span class='ocrx_word' id='word_1_104' title='bbox 1110 1783 1221 1867; x_wconf 88' lang='lat' dir='ltr'><strong>aliquis</strong></span> 
     </span>
     <span class='ocr_line' id='line_1_14' title="bbox 128 1893 1221 1978; baseline 0 -23"><span class='ocrx_word' id='word_1_105' title='bbox 128 1917 159 1956; x_wconf 90' lang='lat' dir='ltr'><strong>se</strong></span> <span class='ocrx_word' id='word_1_106' title='bbox 184 1894 222 1957; x_wconf 91' lang='lat' dir='ltr'><strong>ad</strong></span> <span class='ocrx_word' id='word_1_107' title='bbox 245 1895 345 1958; x_wconf 91' lang='lat' dir='ltr'><strong>lucem</strong></span> <span class='ocrx_word' id='word_1_108' title='bbox 369 1893 461 1956; x_wconf 89' lang='lat' dir='ltr'><strong>lunae</strong></span> <span class='ocrx_word' id='word_1_109' title='bbox 484 1893 591 1956; x_wconf 85' lang='lat' dir='ltr'><strong>noxios</strong></span> <span class='ocrx_word' id='word_1_110' title='bbox 616 1893 763 1975; x_wconf 89' lang='lat' dir='ltr'><strong>quosdam</strong></span> <span class='ocrx_word' id='word_1_111' title='bbox 789 1895 982 1977; x_wconf 86' lang='lat' dir='ltr'><strong>cognovisse,</strong></span> <span class='ocrx_word' id='word_1_112' title='bbox 1007 1917 1102 1978; x_wconf 92' lang='lat' dir='ltr'><strong>quum</strong></span> <span class='ocrx_word' id='word_1_113' title='bbox 1128 1894 1221 1978; x_wconf 91' lang='lat' dir='ltr'><strong>paulo</strong></span> 
     </span>
     <span class='ocr_line' id='line_1_15' title="bbox 128 2004 1221 2089; baseline 0.002 -23"><span class='ocrx_word' id='word_1_114' title='bbox 128 2011 197 2086; x_wconf 84' lang='lat' dir='ltr'><strong>post</strong></span> <span class='ocrx_word' id='word_1_115' title='bbox 221 2013 380 2089; x_wconf 84' lang='lat' dir='ltr'><strong>appareret</strong></span> <span class='ocrx_word' id='word_1_116' title='bbox 403 2004 457 2067; x_wconf 91' lang='lat' dir='ltr'><strong>illa</strong></span> <span class='ocrx_word' id='word_1_117' title='bbox 480 2012 569 2067; x_wconf 91' lang='lat' dir='ltr'><strong>nocte</strong></span> <span class='ocrx_word' id='word_1_118' title='bbox 593 2026 701 2068; x_wconf 87' lang='lat' dir='ltr'><strong>novam</strong></span> <span class='ocrx_word' id='word_1_119' title='bbox 726 2005 820 2068; x_wconf 85' lang='lat' dir='ltr'><strong>fuisse</strong></span> <span class='ocrx_word' id='word_1_120' title='bbox 844 2005 949 2069; x_wconf 93' lang='lat' dir='ltr'><strong>lunam</strong></span> <span class='ocrx_word' id='word_1_121' title='bbox 967 2005 1061 2089; x_wconf 88' lang='lat' dir='ltr'><strong>(Plut.</strong></span> <span class='ocrx_word' id='word_1_122' title='bbox 1079 2005 1146 2068; x_wconf 84' lang='lat' dir='ltr'><strong>Alc.</strong></span> <span class='ocrx_word' id='word_1_123' title='bbox 1161 2009 1221 2082; x_wconf 78' lang='lat'><strong>203</strong></span> 
     </span>
     <span class='ocr_line' id='line_1_16' title="bbox 128 2113 1223 2200; baseline 0.001 -21"><span class='ocrx_word' id='word_1_124' title='bbox 128 2116 165 2179; x_wconf 88' lang='lat' dir='ltr'><strong>cf.</strong></span> <span class='ocrx_word' id='word_1_125' title='bbox 190 2123 292 2179; x_wconf 90' lang='lat' dir='ltr'><strong>tamen</strong></span> <span class='ocrx_word' id='word_1_126' title='bbox 318 2115 414 2177; x_wconf 85' lang='lat' dir='ltr'><strong>Grote</strong></span> <span class='ocrx_word' id='word_1_127' title='bbox 438 2113 512 2176; x_wconf 86' lang='lat' dir='ltr'>VII.</span> <span class='ocrx_word' id='word_1_128' title='bbox 540 2116 624 2196; x_wconf 80' lang='lat'>199).</span> <span class='ocrx_word' id='word_1_129' title='bbox 671 2113 709 2177; x_wconf 91' lang='lat' dir='ltr'><strong>In</strong></span> <span class='ocrx_word' id='word_1_130' title='bbox 736 2114 852 2178; x_wconf 92' lang='lat' dir='ltr'><strong>iudicio</strong></span> <span class='ocrx_word' id='word_1_131' title='bbox 876 2115 1007 2194; x_wconf 79' lang='lat' dir='ltr'><strong>ducum,</strong></span> <span class='ocrx_word' id='word_1_132' title='bbox 1033 2117 1088 2200; x_wconf 91' lang='lat' dir='ltr'><strong>qui</strong></span> <span class='ocrx_word' id='word_1_133' title='bbox 1112 2116 1151 2179; x_wconf 88' lang='lat' dir='ltr'><strong>ad</strong></span> <span class='ocrx_word' id='word_1_134' title='bbox 1167 2118 1223 2180; x_wconf 85' lang='lat' dir='ltr'><strong>Ar-</strong></span> 
     </span>
     <span class='ocr_line' id='line_1_17' title="bbox 127 2223 1221 2308; baseline 0.003 -20"><span class='ocrx_word' id='word_1_135' title='bbox 127 2226 252 2308; x_wconf 85' lang='lat' dir='ltr'><strong>ginusas</strong></span> <span class='ocrx_word' id='word_1_136' title='bbox 284 2226 435 2300; x_wconf 87' lang='lat' dir='ltr'><strong>vicerant,</strong></span> <span class='ocrx_word' id='word_1_137' title='bbox 468 2223 582 2308; x_wconf 85' lang='lat' dir='ltr'><strong>prodiit</strong></span> <span class='ocrx_word' id='word_1_138' title='bbox 610 2226 663 2307; x_wconf 92' lang='lat' dir='ltr'><strong>qui</strong></span> <span class='ocrx_word' id='word_1_139' title='bbox 688 2248 720 2288; x_wconf 90' lang='lat' dir='ltr'><strong>se</strong></span> <span class='ocrx_word' id='word_1_140' title='bbox 743 2226 775 2288; x_wconf 90' lang='lat' dir='ltr'><strong>in</strong></span> <span class='ocrx_word' id='word_1_141' title='bbox 798 2226 885 2289; x_wconf 87' lang='lat' dir='ltr'><strong>farris</strong></span> <span class='ocrx_word' id='word_1_142' title='bbox 910 2227 992 2291; x_wconf 92' lang='lat' dir='ltr'><strong>dolio</strong></span> <span class='ocrx_word' id='word_1_143' title='bbox 1017 2233 1153 2290; x_wconf 86' lang='lat' dir='ltr'><strong>enatasse</strong></span> <span class='ocrx_word' id='word_1_144' title='bbox 1178 2228 1221 2291; x_wconf 91' lang='lat' dir='ltr'><strong>di-</strong></span> 
     </span>
     <span class='ocr_line' id='line_1_18' title="bbox 127 2332 1220 2417; baseline 0.003 -19"><span class='ocrx_word' id='word_1_145' title='bbox 127 2342 223 2412; x_wconf 90' lang='lat' dir='ltr'><strong>ceret,</strong></span> <span class='ocrx_word' id='word_1_146' title='bbox 248 2335 429 2398; x_wconf 87' lang='lat' dir='ltr'><strong>fortissimos</strong></span> <span class='ocrx_word' id='word_1_147' title='bbox 453 2339 556 2396; x_wconf 88' lang='lat' dir='ltr'><strong>autem</strong></span> <span class='ocrx_word' id='word_1_148' title='bbox 581 2332 710 2409; x_wconf 88' lang='lat' dir='ltr'><strong>milites,</strong></span> <span class='ocrx_word' id='word_1_149' title='bbox 736 2335 790 2417; x_wconf 92' lang='lat' dir='ltr'><strong>qui</strong></span> <span class='ocrx_word' id='word_1_150' title='bbox 812 2337 904 2399; x_wconf 89' lang='lat' dir='ltr'><strong>mersi</strong></span> <span class='ocrx_word' id='word_1_151' title='bbox 927 2343 1045 2414; x_wconf 88' lang='lat' dir='ltr'><strong>essent,</strong></span> <span class='ocrx_word' id='word_1_152' title='bbox 1062 2337 1121 2401; x_wconf 90' lang='lat' dir='ltr'><strong>sibi</strong></span> <span class='ocrx_word' id='word_1_153' title='bbox 1136 2361 1220 2402; x_wconf 91' lang='lat' dir='ltr'><strong>man·</strong></span> 
     </span>
     <span class='ocr_line' id='line_1_19' title="bbox 128 2443 1220 2528; baseline 0.004 -21"><span class='ocrx_word' id='word_1_154' title='bbox 128 2444 214 2508; x_wconf 89' lang='lat' dir='ltr'><strong>dasse</strong></span> <span class='ocrx_word' id='word_1_155' title='bbox 240 2446 391 2509; x_wconf 89' lang='lat' dir='ltr'><strong>ultionem</strong></span> <span class='ocrx_word' id='word_1_156' title='bbox 414 2443 507 2527; x_wconf 89' lang='lat' dir='ltr'><strong>(Xen.</strong></span> <span class='ocrx_word' id='word_1_157' title='bbox 532 2443 615 2507; x_wconf 91' lang='lat' dir='ltr'><strong>Hell.</strong></span> <span class='ocrx_word' id='word_1_158' title='bbox 640 2443 666 2507; x_wconf 92' lang='lat' dir='ltr'><strong>I.</strong></span> <span class='ocrx_word' id='word_1_159' title='bbox 693 2447 721 2508; x_wconf 87' lang='grc'><strong>7.</strong></span> <span class='ocrx_word' id='word_1_160' title='bbox 748 2447 811 2528; x_wconf 83' lang='lat' dir='ltr'><strong>ll).</strong></span> <span class='ocrx_word' id='word_1_161' title='bbox 847 2447 959 2510; x_wconf 84' lang='lat' dir='ltr'><strong>Pulcra</strong></span> <span class='ocrx_word' id='word_1_162' title='bbox 980 2447 1127 2511; x_wconf 91' lang='lat' dir='ltr'><strong>nimirum</strong></span> <span class='ocrx_word' id='word_1_163' title='bbox 1150 2470 1220 2511; x_wconf 91' lang='lat' dir='ltr'><strong>oon·</strong></span> 
     </span>
     <span class='ocr_line' id='line_1_20' title="bbox 127 2554 1218 2640; baseline 0.001 -21"><span class='ocrx_word' id='word_1_164' title='bbox 127 2555 287 2619; x_wconf 88' lang='lat' dir='ltr'><strong>fabulandi</strong></span> <span class='ocrx_word' id='word_1_165' title='bbox 309 2555 534 2640; x_wconf 71' lang='lat' dir='ltr'><strong>opportunitas</strong></span> <span class='ocrx_word' id='word_1_166' title='bbox 556 2577 571 2616; x_wconf 94' lang='lat' dir='ltr'><strong>e</strong></span> <span class='ocrx_word' id='word_1_167' title='bbox 591 2554 674 2617; x_wconf 93' lang='lat' dir='ltr'><strong>dolio</strong></span> <span class='ocrx_word' id='word_1_168' title='bbox 693 2555 793 2619; x_wconf 92' lang='lat' dir='ltr'><strong>medio</strong></span> <span class='ocrx_word' id='word_1_169' title='bbox 814 2557 908 2619; x_wconf 88' lang='lat' dir='ltr'><strong>mari!</strong></span> <span class='ocrx_word' id='word_1_170' title='bbox 938 2557 1024 2620; x_wconf 81' lang='lat' dir='ltr'><strong>Talia</strong></span> <span class='ocrx_word' id='word_1_171' title='bbox 1040 2559 1218 2638; x_wconf 88' lang='lat' dir='ltr'><strong>audientes,</strong></span> 
     </span>
     <span class='ocr_line' id='line_1_21' title="bbox 127 2664 1221 2749; baseline 0.003 -21"><span class='ocrx_word' id='word_1_172' title='bbox 127 2666 202 2748; x_wconf 93' lang='lat' dir='ltr'><strong>quid</strong></span> <span class='ocrx_word' id='word_1_173' title='bbox 219 2666 365 2729; x_wconf 91' lang='lat' dir='ltr'><strong>miramur</strong></span> <span class='ocrx_word' id='word_1_174' title='bbox 381 2664 543 2728; x_wconf 78' lang='lat' dir='ltr'><strong>fallacibus</strong></span> <span class='ocrx_word' id='word_1_175' title='bbox 563 2667 750 2749; x_wconf 85' lang='lat' dir='ltr'><strong>argumentis</strong></span> <span class='ocrx_word' id='word_1_176' title='bbox 768 2674 798 2730; x_wconf 87' lang='lat' dir='ltr'><strong>et</strong></span> <span class='ocrx_word' id='word_1_177' title='bbox 815 2667 921 2731; x_wconf 88' lang='lat' dir='ltr'><strong>fraude</strong></span> <span class='ocrx_word' id='word_1_178' title='bbox 938 2670 1075 2733; x_wconf 88' lang='lat' dir='ltr'><strong>contioni</strong></span> <span class='ocrx_word' id='word_1_179' title='bbox 1087 2676 1221 2732; x_wconf 89' lang='lat' dir='ltr'><strong>oratores</strong></span> 
     </span>
     <span class='ocr_line' id='line_1_22' title="bbox 128 2773 468 2860; baseline -0.006 -22"><span class='ocrx_word' id='word_1_180' title='bbox 128 2777 283 2860; x_wconf 90' lang='lat' dir='ltr'><strong>imponere</strong></span> <span class='ocrx_word' id='word_1_181' title='bbox 307 2773 468 2859; x_wconf 79' lang='lat' dir='ltr'><strong>potuisse?</strong></span> 
     </span>
    </p>

    <p class='ocr_par' dir='ltr' id='par_1_3' title="bbox 127 2883 1226 4404">
     <span class='ocr_line' id='line_1_23' title="bbox 172 2883 1219 2975; baseline 0.006 -27"><span class='ocrx_word' id='word_1_182' title='bbox 172 2884 277 2964; x_wconf 78' lang='lat' dir='ltr'><strong>Quum</strong></span> <span class='ocrx_word' id='word_1_183' title='bbox 303 2885 399 2969; x_wconf 88' lang='lat' dir='ltr'><strong>igitur</strong></span> <span class='ocrx_word' id='word_1_184' title='bbox 423 2907 460 2947; x_wconf 80' lang='lat' dir='ltr'><strong>ex</strong></span> <span class='ocrx_word' id='word_1_185' title='bbox 483 2883 591 2947; x_wconf 89' lang='lat' dir='ltr'><strong>multis</strong></span> <span class='ocrx_word' id='word_1_186' title='bbox 616 2891 761 2968; x_wconf 90' lang='lat' dir='ltr'><strong>appareat</strong></span> <span class='ocrx_word' id='word_1_187' title='bbox 783 2886 897 2948; x_wconf 90' lang='lat' dir='ltr'><strong>mirum</strong></span> <span class='ocrx_word' id='word_1_188' title='bbox 920 2895 1070 2970; x_wconf 88' lang='lat' dir='ltr'><strong>quantum</strong></span> <span class='ocrx_word' id='word_1_189' title='bbox 1094 2912 1219 2975; x_wconf 84' lang='lat' dir='ltr'><strong>exagge-</strong></span> 
     </span>
     <span class='ocr_line' id='line_1_24' title="bbox 127 2995 1221 3085; baseline 0.006 -27"><span class='ocrx_word' id='word_1_190' title='bbox 127 3019 208 3059; x_wconf 88' lang='lat' dir='ltr'><strong>rasse</strong></span> <span class='ocrx_word' id='word_1_191' title='bbox 238 2997 319 3060; x_wconf 85' lang='lat' dir='ltr'><strong>facta</strong></span> <span class='ocrx_word' id='word_1_192' title='bbox 345 3002 514 3072; x_wconf 89' lang='lat' dir='ltr'><strong>oratorem,</strong></span> <span class='ocrx_word' id='word_1_193' title='bbox 540 3018 580 3057; x_wconf 92' lang='lat' dir='ltr'><strong>ne</strong></span> <span class='ocrx_word' id='word_1_194' title='bbox 606 2995 706 3058; x_wconf 91' lang='lat' dir='ltr'><strong>dicam</strong></span> <span class='ocrx_word' id='word_1_195' title='bbox 730 2997 894 3060; x_wconf 90' lang='lat' dir='ltr'><strong>mentitum</strong></span> <span class='ocrx_word' id='word_1_196' title='bbox 918 3021 1000 3076; x_wconf 89' lang='lat' dir='ltr'><strong>esse,</strong></span> <span class='ocrx_word' id='word_1_197' title='bbox 1024 3023 1085 3064; x_wconf 89' lang='lat' dir='ltr'><strong>non</strong></span> <span class='ocrx_word' id='word_1_198' title='bbox 1113 3004 1221 3085; x_wconf 88' lang='lat' dir='ltr'><strong>quovis</strong></span> 
     </span>
     <span class='ocr_line' id='line_1_25' title="bbox 127 3105 1222 3192; baseline 0.007 -24"><span class='ocrx_word' id='word_1_199' title='bbox 127 3107 226 3189; x_wconf 89' lang='lat' dir='ltr'><strong>pretio</strong></span> <span class='ocrx_word' id='word_1_200' title='bbox 257 3105 442 3170; x_wconf 87' lang='lat' dir='ltr'><strong>contendere</strong></span> <span class='ocrx_word' id='word_1_201' title='bbox 474 3106 572 3168; x_wconf 88' lang='lat' dir='ltr'><strong>ausim</strong></span> <span class='ocrx_word' id='word_1_202' title='bbox 604 3128 668 3169; x_wconf 92' lang='lat' dir='ltr'><strong>non</strong></span> <span class='ocrx_word' id='word_1_203' title='bbox 700 3129 763 3170; x_wconf 90' lang='lat' dir='ltr'><strong>una</strong></span> <span class='ocrx_word' id='word_1_204' title='bbox 792 3129 862 3170; x_wconf 93' lang='lat' dir='ltr'><strong>cum</strong></span> <span class='ocrx_word' id='word_1_205' title='bbox 885 3108 1011 3192; x_wconf 86' lang='lat' dir='ltr'><strong>reliquis</strong></span> <span class='ocrx_word' id='word_1_206' title='bbox 1035 3113 1222 3176; x_wconf 92' lang='lat' dir='ltr'><strong>nomothetis</strong></span> 
     </span>
     <span class='ocr_line' id='line_1_26' title="bbox 128 3216 1223 3301; baseline 0.007 -23"><span class='ocrx_word' id='word_1_207' title='bbox 128 3217 160 3278; x_wconf 92' lang='lat' dir='ltr'><strong>in</strong></span> <span class='ocrx_word' id='word_1_208' title='bbox 187 3224 323 3300; x_wconf 88' lang='lat' dir='ltr'><strong>tempore</strong></span> <span class='ocrx_word' id='word_1_209' title='bbox 346 3238 461 3280; x_wconf 89' lang='lat' dir='ltr'><strong>munus</strong></span> <span class='ocrx_word' id='word_1_210' title='bbox 485 3216 667 3300; x_wconf 88' lang='lat' dir='ltr'><strong>impositum</strong></span> <span class='ocrx_word' id='word_1_211' title='bbox 691 3217 851 3301; x_wconf 84' lang='lat' dir='ltr'><strong>perfecisse</strong></span> <span class='ocrx_word' id='word_1_212' title='bbox 874 3217 1107 3284; x_wconf 86' lang='lat' dir='ltr'><strong>Nicomachum.</strong></span> <span class='ocrx_word' id='word_1_213' title='bbox 1143 3221 1223 3286; x_wconf 84' lang='lat' dir='ltr'><strong>Reli-</strong></span> 
     </span>
     <span class='ocr_line' id='line_1_27' title="bbox 128 3325 1221 3416; baseline 0.006 -29"><span class='ocrx_word' id='word_1_214' title='bbox 128 3347 205 3409; x_wconf 92' lang='lat' dir='ltr'><strong>quos</strong></span> <span class='ocrx_word' id='word_1_215' title='bbox 237 3326 262 3388; x_wconf 91' lang='lat' dir='ltr'><strong>si</strong></span> <span class='ocrx_word' id='word_1_216' title='bbox 294 3333 416 3390; x_wconf 89' lang='lat' dir='ltr'><strong>constat</strong></span> <span class='ocrx_word' id='word_1_217' title='bbox 441 3325 548 3388; x_wconf 87' lang='lat' dir='ltr'><strong>fecisse</strong></span> <span class='ocrx_word' id='word_1_218' title='bbox 582 3327 632 3407; x_wconf 83' lang='lat' dir='ltr'><strong>(cl.</strong></span> <span class='ocrx_word' id='word_1_219' title='bbox 659 3327 777 3391; x_wconf 89' lang='lat' dir='ltr'><strong>Audoc.</strong></span> <span class='ocrx_word' id='word_1_220' title='bbox 802 3328 823 3391; x_wconf 93' lang='lat' dir='ltr'><strong>l.</strong></span> <span class='ocrx_word' id='word_1_221' title='bbox 848 3328 901 3413; x_wconf 83' lang='lat' dir='ltr'><strong>l),</strong></span> <span class='ocrx_word' id='word_1_222' title='bbox 926 3353 988 3394; x_wconf 90' lang='lat' dir='ltr'><strong>non</strong></span> <span class='ocrx_word' id='word_1_223' title='bbox 1012 3330 1221 3416; x_wconf 90' lang='lat' dir='ltr'><strong>intellegitur,</strong></span> 
     </span>
     <span class='ocr_line' id='line_1_28' title="bbox 128 3434 1223 3516; baseline 0.01 -20"><span class='ocrx_word' id='word_1_224' title='bbox 128 3456 219 3516; x_wconf 91' lang='lat' dir='ltr'><strong>quare</strong></span> <span class='ocrx_word' id='word_1_225' title='bbox 243 3434 295 3499; x_wconf 91' lang='lat' dir='ltr'><strong>ille</strong></span> <span class='ocrx_word' id='word_1_226' title='bbox 319 3436 403 3499; x_wconf 90' lang='lat' dir='ltr'><strong>solus</strong></span> <span class='ocrx_word' id='word_1_227' title='bbox 428 3457 464 3497; x_wconf 82' lang='lat' dir='ltr'><strong>ex</strong></span> <span class='ocrx_word' id='word_1_228' title='bbox 488 3457 523 3497; x_wconf 92' lang='lat' dir='ltr'><strong>eo</strong></span> <span class='ocrx_word' id='word_1_229' title='bbox 548 3457 675 3498; x_wconf 90' lang='lat' dir='ltr'><strong>numero</strong></span> <span class='ocrx_word' id='word_1_230' title='bbox 700 3443 836 3501; x_wconf 83' lang='lat' dir='ltr'><strong>exemtus</strong></span> <span class='ocrx_word' id='word_1_231' title='bbox 861 3438 970 3502; x_wconf 90' lang='lat' dir='ltr'><strong>fuisset</strong></span> <span class='ocrx_word' id='word_1_232' title='bbox 977 3465 986 3516; x_wconf 84' lang='lat'>3</span> <span class='ocrx_word' id='word_1_233' title='bbox 1011 3441 1069 3504; x_wconf 88' lang='lat' dir='ltr'><strong>toti</strong></span> <span class='ocrx_word' id='word_1_234' title='bbox 1092 3450 1223 3506; x_wconf 84' lang='lat' dir='ltr'><strong>extraor-</strong></span> 
     </span>
     <span class='ocr_line' id='line_1_29' title="bbox 128 3543 1223 3632; baseline 0.011 -27"><span class='ocrx_word' id='word_1_235' title='bbox 128 3543 247 3607; x_wconf 88' lang='lat' dir='ltr'><strong>dinario</strong></span> <span class='ocrx_word' id='word_1_236' title='bbox 271 3545 360 3628; x_wconf 88' lang='lat' dir='ltr'><strong>quasi</strong></span> <span class='ocrx_word' id='word_1_237' title='bbox 384 3544 513 3626; x_wconf 88' lang='lat' dir='ltr'><strong>collegio</strong></span> <span class='ocrx_word' id='word_1_238' title='bbox 538 3545 697 3627; x_wconf 88' lang='lat' dir='ltr'><strong>provincia</strong></span> <span class='ocrx_word' id='word_1_239' title='bbox 719 3546 863 3610; x_wconf 90' lang='lat' dir='ltr'><strong>mandata</strong></span> <span class='ocrx_word' id='word_1_240' title='bbox 887 3554 967 3626; x_wconf 88' lang='lat' dir='ltr'><strong>erat,</strong></span> <span class='ocrx_word' id='word_1_241' title='bbox 986 3571 1064 3632; x_wconf 90' lang='lat' dir='ltr'><strong>quac</strong></span> <span class='ocrx_word' id='word_1_242' title='bbox 1079 3575 1142 3615; x_wconf 91' lang='lat' dir='ltr'><strong>non</strong></span> <span class='ocrx_word' id='word_1_243' title='bbox 1159 3563 1223 3617; x_wconf 90' lang='lat' dir='ltr'><strong>erat</strong></span> 
     </span>
     <span class='ocr_line' id='line_1_30' title="bbox 129 3653 1223 3743; baseline 0.01 -28"><span class='ocrx_word' id='word_1_244' title='bbox 129 3653 278 3736; x_wconf 88' lang='lat' dir='ltr'><strong>perlecta,</strong></span> <span class='ocrx_word' id='word_1_245' title='bbox 312 3655 337 3716; x_wconf 91' lang='lat' dir='ltr'><strong>si</strong></span> <span class='ocrx_word' id='word_1_246' title='bbox 369 3676 450 3716; x_wconf 91' lang='lat' dir='ltr'><strong>unus</strong></span> <span class='ocrx_word' id='word_1_247' title='bbox 482 3654 610 3737; x_wconf 91' lang='lat' dir='ltr'><strong>quidam</strong></span> <span class='ocrx_word' id='word_1_248' title='bbox 633 3677 670 3718; x_wconf 87' lang='lat' dir='ltr'><strong>ex</strong></span> <span class='ocrx_word' id='word_1_249' title='bbox 693 3657 783 3719; x_wconf 87' lang='lat' dir='ltr'><strong>sociis</strong></span> <span class='ocrx_word' id='word_1_250' title='bbox 806 3656 926 3741; x_wconf 89' lang='lat' dir='ltr'><strong>legibus</strong></span> <span class='ocrx_word' id='word_1_251' title='bbox 951 3661 1168 3743; x_wconf 88' lang='lat' dir='ltr'><strong>conquirendis</strong></span> <span class='ocrx_word' id='word_1_252' title='bbox 1192 3670 1223 3726; x_wconf 88' lang='lat' dir='ltr'><strong>et</strong></span> 
     </span>
     <span class='ocr_line' id='line_1_31' title="bbox 128 3763 1223 3859; baseline 0.012 -34"><span class='ocrx_word' id='word_1_253' title='bbox 128 3763 332 3827; x_wconf 88' lang='lat' dir='ltr'><strong>rescribendis</strong></span> <span class='ocrx_word' id='word_1_254' title='bbox 356 3764 447 3826; x_wconf 90' lang='lat' dir='ltr'><strong>etiam</strong></span> <span class='ocrx_word' id='word_1_255' title='bbox 472 3770 540 3826; x_wconf 90' lang='lat' dir='ltr'><strong>tum</strong></span> <span class='ocrx_word' id='word_1_256' title='bbox 564 3774 775 3848; x_wconf 89' lang='lat' dir='ltr'><strong>occuparetur.</strong></span> <span class='ocrx_word' id='word_1_257' title='bbox 822 3768 939 3832; x_wconf 91' lang='lat' dir='ltr'><strong>Munus</strong></span> <span class='ocrx_word' id='word_1_258' title='bbox 964 3771 989 3833; x_wconf 92' lang='lat' dir='ltr'><strong>si</strong></span> <span class='ocrx_word' id='word_1_259' title='bbox 1014 3772 1094 3837; x_wconf 89' lang='lat' dir='ltr'><strong>inter</strong></span> <span class='ocrx_word' id='word_1_260' title='bbox 1110 3795 1141 3836; x_wconf 91' lang='lat' dir='ltr'><strong>se</strong></span> <span class='ocrx_word' id='word_1_261' title='bbox 1157 3797 1223 3859; x_wconf 90' lang='lat' dir='ltr'><strong>par-</strong></span> 
     </span>
     <span class='ocr_line' id='line_1_32' title="bbox 128 3873 1225 3967; baseline 0.009 -31"><span class='ocrx_word' id='word_1_262' title='bbox 128 3874 178 3937; x_wconf 89' lang='lat' dir='ltr'><strong>titi</strong></span> <span class='ocrx_word' id='word_1_263' title='bbox 202 3883 276 3937; x_wconf 91' lang='lat' dir='ltr'><strong>sunt</strong></span> <span class='ocrx_word' id='word_1_264' title='bbox 298 3913 343 3922; x_wconf 92' lang='lat'>-</span> <span class='ocrx_word' id='word_1_265' title='bbox 367 3873 449 3958; x_wconf 94' lang='lat' dir='ltr'><strong>quod</strong></span> <span class='ocrx_word' id='word_1_266' title='bbox 474 3876 647 3959; x_wconf 87' lang='lat' dir='ltr'><strong>suspicatur</strong></span> <span class='ocrx_word' id='word_1_267' title='bbox 672 3876 878 3942; x_wconf 86' lang='lat' dir='ltr'><strong>Hoelscherus</strong></span> <span class='ocrx_word' id='word_1_268' title='bbox 902 3916 947 3929; x_wconf 89' lang='lat'><em>-</em></span> <span class='ocrx_word' id='word_1_269' title='bbox 969 3881 1048 3944; x_wconf 93' lang='lat' dir='ltr'><strong>nihil</strong></span> <span class='ocrx_word' id='word_1_270' title='bbox 1067 3882 1142 3945; x_wconf 87' lang='lat' dir='ltr'><strong>haec</strong></span> <span class='ocrx_word' id='word_1_271' title='bbox 1159 3907 1225 3967; x_wconf 92' lang='lat' dir='ltr'><strong>par·-</strong></span> 
     </span>
     <span class='ocr_line' id='line_1_33' title="bbox 128 3984 1224 4076; baseline 0.01 -31"><span class='ocrx_word' id='word_1_272' title='bbox 128 3985 198 4046; x_wconf 89' lang='lat' dir='ltr'><strong>titio</strong></span> <span class='ocrx_word' id='word_1_273' title='bbox 223 3984 261 4046; x_wconf 86' lang='lat' dir='ltr'><strong>ad</strong></span> <span class='ocrx_word' id='word_1_274' title='bbox 284 3985 434 4069; x_wconf 91' lang='lat' dir='ltr'><strong>populum</strong></span> <span class='ocrx_word' id='word_1_275' title='bbox 458 3985 640 4067; x_wconf 88' lang='lat' dir='ltr'><strong>pertinebat.</strong></span> <span class='ocrx_word' id='word_1_276' title='bbox 687 3985 799 4070; x_wconf 86' lang='lat' dir='ltr'><strong>Itaque</strong></span> <span class='ocrx_word' id='word_1_277' title='bbox 823 3987 959 4053; x_wconf 89' lang='lat' dir='ltr'><strong>dubitari</strong></span> <span class='ocrx_word' id='word_1_278' title='bbox 983 3991 1071 4069; x_wconf 88' lang='lat' dir='ltr'><strong>licet,</strong></span> <span class='ocrx_word' id='word_1_279' title='bbox 1098 4015 1135 4055; x_wconf 90' lang='lat' dir='ltr'><strong>an</strong></span> <span class='ocrx_word' id='word_1_280' title='bbox 1154 4003 1224 4076; x_wconf 93' lang='lat' dir='ltr'><strong>post</strong></span> 
     </span>
     <span class='ocr_line' id='line_1_34' title="bbox 130 4094 1224 4185; baseline 0.008 -29"><span class='ocrx_word' id='word_1_281' title='bbox 130 4094 374 4157; x_wconf 85' lang='lat' dir='ltr'><strong>nomothetarum</strong></span> <span class='ocrx_word' id='word_1_282' title='bbox 409 4116 521 4156; x_wconf 86' lang='lat' dir='ltr'><strong>munus</strong></span> <span class='ocrx_word' id='word_1_283' title='bbox 551 4095 719 4178; x_wconf 88' lang='lat' dir='ltr'><strong>perfectum</strong></span> <span class='ocrx_word' id='word_1_284' title='bbox 751 4095 958 4162; x_wconf 88' lang='lat' dir='ltr'><strong>Nicomachus</strong></span> <span class='ocrx_word' id='word_1_285' title='bbox 989 4124 1021 4163; x_wconf 90' lang='lat' dir='ltr'><strong>se</strong></span> <span class='ocrx_word' id='word_1_286' title='bbox 1054 4124 1107 4185; x_wconf 96' lang='lat' dir='ltr'><strong>pro</strong></span> <span class='ocrx_word' id='word_1_287' title='bbox 1133 4103 1224 4185; x_wconf 86' lang='lat' dir='ltr'><strong>magi·</strong></span> 
     </span>
     <span class='ocr_line' id='line_1_35' title="bbox 131 4204 1222 4294; baseline 0.009 -29"><span class='ocrx_word' id='word_1_288' title='bbox 131 4209 228 4266; x_wconf 87' lang='lat' dir='ltr'><strong>stratu</strong></span> <span class='ocrx_word' id='word_1_289' title='bbox 260 4227 322 4267; x_wconf 91' lang='lat' dir='ltr'><strong>non</strong></span> <span class='ocrx_word' id='word_1_290' title='bbox 354 4204 482 4287; x_wconf 86' lang='lat' dir='ltr'><strong>gesserit</strong></span> <span class='ocrx_word' id='word_1_291' title='bbox 490 4229 499 4280; x_wconf 83' lang='lat'>3</span> <span class='ocrx_word' id='word_1_292' title='bbox 532 4226 664 4287; x_wconf 92' lang='lat' dir='ltr'><strong>namque</strong></span> <span class='ocrx_word' id='word_1_293' title='bbox 687 4205 787 4289; x_wconf 89' lang='lat' dir='ltr'><strong>leges,</strong></span> <span class='ocrx_word' id='word_1_294' title='bbox 813 4230 888 4291; x_wconf 91' lang='lat' dir='ltr'><strong>quas</strong></span> <span class='ocrx_word' id='word_1_295' title='bbox 913 4208 965 4272; x_wconf 92' lang='lat' dir='ltr'><strong>ille</strong></span> <span class='ocrx_word' id='word_1_296' title='bbox 990 4219 1095 4294; x_wconf 88' lang='lat' dir='ltr'><strong>postea</strong></span> <span class='ocrx_word' id='word_1_297' title='bbox 1120 4235 1135 4274; x_wconf 95' lang='lat' dir='ltr'><strong>e</strong></span> <span class='ocrx_word' id='word_1_298' title='bbox 1160 4213 1222 4274; x_wconf 90' lang='lat' dir='ltr'><strong>situ</strong></span> 
     </span>
     <span class='ocr_line' id='line_1_36' title="bbox 134 4312 1226 4404; baseline 0.008 -30"><span class='ocrx_word' id='word_1_299' title='bbox 134 4312 345 4396; x_wconf 88' lang='lat' dir='ltr'><strong>protrahebat,</strong></span> <span class='ocrx_word' id='word_1_300' title='bbox 377 4334 440 4374; x_wconf 91' lang='lat' dir='ltr'><strong>uon</strong></span> <span class='ocrx_word' id='word_1_301' title='bbox 470 4313 594 4397; x_wconf 88' lang='lat' dir='ltr'><strong>publica</strong></span> <span class='ocrx_word' id='word_1_302' title='bbox 623 4315 804 4379; x_wconf 89' lang='lat' dir='ltr'><strong>auctoritate</strong></span> <span class='ocrx_word' id='word_1_303' title='bbox 828 4317 881 4380; x_wconf 88' lang='lat' dir='ltr'><strong>sod</strong></span> <span class='ocrx_word' id='word_1_304' title='bbox 906 4341 942 4381; x_wconf 86' lang='lat' dir='ltr'><strong>ex</strong></span> <span class='ocrx_word' id='word_1_305' title='bbox 966 4320 1112 4404; x_wconf 86' lang='lat' dir='ltr'><strong>religione</strong></span> <span class='ocrx_word' id='word_1_306' title='bbox 1137 4321 1226 4383; x_wconf 89' lang='lat' dir='ltr'><strong>sacri-</strong></span> 
     </span>
    </p>

    <p class='ocr_par' dir='ltr' id='par_1_4' title="bbox 1067 4436 1106 4494">
     <span class='ocr_line' id='line_1_37' title="bbox 1067 4436 1106 4494; baseline -0.103 0"><span class='ocrx_word' id='word_1_307' title='bbox 1067 4436 1106 4494; x_wconf 78' lang='lat'><strong>14</strong></span> 
     </span>
    </p>
   </div>
   <div class='ocr_carea' id='block_1_3' title="bbox 0 0 1431 5024">
    <p class='ocr_par' dir='ltr' id='par_1_5' title="bbox 0 0 1431 5024">
     <span class='ocr_line' id='line_1_38' title="bbox 0 0 1431 5024; baseline 0 0"><span class='ocrx_word' id='word_1_308' title='bbox 0 0 1431 5024; x_wconf 95' lang='lat' dir='ltr'><strong> </strong></span> 
     </span>
    </p>
   </div>
  </div>
 </body>
</html>
