2850 5024
681 325 743 386 154

164 542 255 604 quem
291 521 311 584 l.
341 521 362 584 l.
398 521 568 586 Euctemon
598 529 755 586 accusator
786 524 844 605 est)
876 527 1011 606 apparet.
1059 521 1196 585 Meierns
1227 527 1256 584 et

162 630 391 696 Schoemannus
430 633 496 695 Att.
538 633 624 696 Proc.
658 655 688 716 p.
722 634 784 696 351
816 639 897 695 recto
931 632 1080 696 coniicere
1112 631 1256 694 videntur

162 746 341 825 νὶπογμιφην
367 745 400 807 in
423 752 573 808 oratorem
596 744 773 807 institutam
796 743 909 820 fuisse,
934 741 1028 826 qnare
1053 741 1164 805 melius
1181 741 1255 805 hacc

163 853 260 916 oratio
282 855 433 931 οίννολονίνν
456 855 524 932 πρὸς
547 855 729 935 οίπονροοφην
753 853 917 917 diceretur.
958 853 1062 936 Atque
1079 853 1123 915 sic
1140 852 1255 936 optime

164 984 226 1026 una
248 963 281 1026 in
303 985 395 1026 causa
418 963 481 1026 dno
505 964 649 1040 crimina,
676 985 807 1047 quorum
831 963 946 1027 mentio
970 963 1019 1040 fit,
1044 962 1210 1047 peculatus
1226 970 1255 1024 et

163 1073 325 1153 δωροδοκίαις
349 1076 578 1139 commemorari
601 1082 788 1159 potuerunt,
813 1082 850 1138 ut
867 1073 1080 1137 ostenderetur
1095 1072 1142 1135 rei
1157 1072 1254 1149 bona,

164 1203 243 1264 quae
273 1183 385 1266 partim
416 1206 452 1247 ex
476 1184 583 1261 donis,
609 1185 646 1248 ab
671 1184 812 1248 hostibus
836 1185 990 1267 acceptis,
1014 1184 1128 1267 partim
1153 1206 1190 1246 ex
1213 1183 1256 1246 di-

163 1292 301 1376 reptione
333 1293 441 1356 aerarii
472 1294 651 1370 fluxissent,
683 1301 749 1356 tota
777 1284 894 1357 civitati
918 1292 1034 1357 deberi.
1082 1290 1129 1355 Of.
1154 1294 1172 1376 p
1197 1295 1254 1354 16:

162 1405 291 1477 ηνοῦμκν
323 1404 398 1467 πολὺ
427 1402 463 1467 dcv
491 1403 661 1483 δικαιότερον
686 1405 765 1481 ὑμᾶς
790 1403 844 1467 ὑπὸ
866 1409 922 1468 τῶν
945 1402 1073 1482 ζητητῶν
1099 1403 1255 1481 ἄπονον-

160 1520 268 1594 φῆνονν
291 1517 332 1576 τίν
356 1514 417 1590 ἐμοὶ
441 1514 538 1593 ἔχειν,
565 1516 581 1588 ἢ
606 1515 658 1591 ἐμὲ
683 1512 739 1578 νννί
765 1514 929 1578 κινδυνεύειν
953 1516 993 1583 ὡς
1016 1516 1075 1577 τοῦ
1096 1511 1256 1589 δημοσίου

159 1620 316 1702 minu?
340 1621 473 1702 ignaru
496 1645 557 1706 qno
580 1623 648 1688 loco
672 1625 837 1705 ἀπογραφή
861 1625 986 1687 omnino
1003 1644 1065 1686 non
1086 1628 1256 1686 memorata

160 1733 284 1810 fuisset,
311 1733 371 1795 nisi
396 1755 502 1796 revera
527 1733 674 1796 instituta
697 1737 816 1816 (contra
831 1733 908 1796 Bak.
926 1733 946 1795 l.
959 1733 980 1796 l.
999 1755 1029 1816 p.
1044 1733 1124 1808 253,
1139 1735 1199 1816 sq.)
1213 1769 1256 1780 -

161 1845 178 1926 d
212 1845 269 1905 al:
302 1843 359 1919 ἐγὼ
390 1842 413 1906 δ’
445 1844 523 1920 ὑμῶν
557 1843 657 1920 δέομοκ
687 1881 732 1890 -
766 1846 808 1921 μη
839 1850 1026 1919 κονννννῶνμν
1057 1842 1257 1922 δωροδοκίαν

164 1953 245 2029 ἐμοῦ.
269 1989 313 2000 -
334 1954 351 2036 d
370 1954 426 2015 δίε
451 1954 605 2031 μαινοίμην
628 1953 687 2032 γὰρ
710 1953 746 2018 ίον
767 1954 791 2017 εί
807 1990 852 2002 —-
871 1953 953 2032 παρὰ
971 1959 1026 2016 τῶν
1044 1949 1145 2017 ἄλλων
1165 1955 1256 2032 διορν-

163 2063 305 2137 δοκοίην.

210 2171 358 2236 Primaria
389 2196 458 2257 pars
490 2175 656 2251 orationis,
689 2197 750 2258 qua
781 2180 994 2238 accusatorum
1018 2172 1149 2236 crimina
1173 2171 1258 2236 debi-

165 2283 308 2346 litaverat
331 2305 418 2360 reus,
444 2284 536 2347 hodie
561 2284 769 2362 desideratur;
798 2284 878 2348 nihil
902 2285 983 2346 enim
1008 2284 1149 2346 continet
1173 2303 1256 2346 nuno

166 2413 258 2475 quam
282 2393 461 2456 meritorum
485 2394 517 2455 in
541 2416 605 2456 rem
628 2393 785 2478 publicam
808 2393 1068 2479 praedicationem
1092 2416 1163 2457 cum
1187 2414 1257 2476 poe-

164 2526 221 2568 nae
245 2503 458 2587 deprecatione
466 2531 475 2581 ;
493 2506 698 2589 fragmentum
717 2512 781 2582 est,
799 2505 940 2590 epilogus
957 2505 1080 2568 maioris
1097 2502 1256 2567 orationis

165 2613 246 2677 Nam
271 2615 435 2698 quominus
459 2614 579 2677 credam
605 2637 669 2677 esse
694 2612 808 2694 ὕστερον
830 2613 919 2690 λίνον
945 2613 1056 2696 (Meier
1079 2620 1109 2675 et
1132 2612 1255 2676 Schbm.

165 2749 194 2809 p.
229 2728 304 2809 711)
331 2724 477 2809 impedit,
502 2724 585 2808 quod
610 2747 680 2788 reus
704 2726 813 2788 merita
836 2726 868 2789 in
892 2725 1128 2808 rempublicam,
1154 2743 1258 2785 neccs-

164 2835 275 2898 sariam
298 2835 360 2898 fere
385 2843 501 2919 partem
525 2836 677 2918 cuiusque
701 2835 888 2898 defensionis
911 2839 1144 2909 commemorat,
1162 2853 1257 2915 quam

165 2967 218 3009 cur
253 2946 340 3009 alteri
376 2945 507 3008 orationi
537 2951 736 3021 reservasset,
770 2944 857 3008 nulla
885 2936 1056 3028 'probabilis
1088 2939 1258 3025 excogitari

165 3079 257 3120 causa
280 3063 391 3139 potest.

210 3164 324 3229 Mutilb
355 3165 451 3248 igitur
480 3166 578 3227 oratio
610 3172 671 3241 est,
705 3163 758 3227 sed
782 3164 808 3226 si
831 3163 897 3226 ulla
921 3186 959 3226 ex
981 3163 1020 3225 iis
1045 3182 1124 3245 quae
1147 3157 1259 3243 Lysiae

165 3298 277 3341 nomen
307 3284 435 3359 gerunt,
468 3276 543 3338 haec
574 3275 720 3358 genuina.
769 3275 815 3338 De
850 3275 942 3338 rebus
974 3274 1032 3337 sub
1063 3273 1155 3335 finem
1184 3270 1260 3336 belli

165 3386 417 3472 Peloponnesiaci
448 3395 477 3448 et
511 3385 630 3448 ratione
657 3383 854 3467 liturgiarum
879 3405 957 3466 quae
982 3383 1119 3446 continet
1143 3382 1288 3470 optimc:

165 3499 353 3562 conveniunt
381 3519 452 3561 cum
482 3497 537 3573 iis,
572 3517 650 3578 quae
675 3493 800 3558 aliunde
823 3500 899 3556 nota
922 3500 1005 3555 sunt.
1042 3491 1149 3555 Veluti
1174 3489 1260 3574 quod

166 3609 204 3672 de
228 3611 425 3673 Archestrato
448 3613 495 3671 est
516 3607 533 3690 b
554 3608 590 3686 8,
610 3606 664 3687 qui
684 3603 853 3687 Mytilenae
877 3587 1026 3667 cecidisse
1045 3601 1176 3677 dicitur,
1197 3599 1261 3663 tale

167 3725 229 3796 est,
248 3726 283 3781 nt
299 3718 361 3782 fere
378 3715 520 3800 suppleat
537 3737 615 3798 quae
634 3714 672 3778 de
691 3714 822 3779 ducibus
841 3713 1079 3777 Atheniensium
1100 3713 1133 3775 in
1146 3711 1261 3796 pugnis

166 3828 205 3892 ad
235 3827 407 3912 Mytilenen
439 3835 469 3890 et
498 3826 537 3889 ad
568 3825 738 3909 Arginusas
761 3824 929 3889 interfectis
953 3846 971 3886 a
994 3821 1202 3905 Xenophonte
1227 3827 1259 3884 et

168 3939 236 4002 aliis
261 3937 445 4023 produntur.
489 3950 492 3955 '

212 4048 388 4113 Secundum
418 4047 655 4132 Xenophontem
686 4045 767 4108 enim
797 4067 823 4106 a.
850 4046 925 4120 407,
957 4049 1027 4128 post
1060 4063 1196 4127 pugnam
1222 4041 1261 4104 ab

167 4159 321 4222 Antiocho
342 4157 511 4222 Alcibiadis
527 4157 628 4240 legato
643 4155 807 4218 infeliciter
827 4160 946 4237 gestam
966 4159 1111 4217 creantur
1132 4153 1261 4235 strategi

168 4267 294 4345 Conon,
314 4268 503 4344 Diomedon,
523 4266 627 4343 Leon,
646 4265 797 4342 Pericles,
819 4263 1015 4340 Erasinides,
1033 4263 1261 4340 Aristocrates‚
