2850 5024
696 372 738 432 94

174 573 214 642 εἷς
236 570 285 635 τὸν
310 568 413 634 ἔπειτα
435 569 535 650 χρόνον
556 569 602 633 διθι
620 568 734 640 ταύτας
751 570 920 646 γίγνεται
935 569 1010 634 ἄλλο
1026 571 1042 646 ἣ
1058 570 1172 650 χαίρειν
1188 569 1256 652 (τὸν)

173 680 299 762 ἔχοντα,
324 680 378 743 ubi
400 678 456 744 κθιν
477 679 615 756 γίγνηται
638 679 820 744 deteriorum
844 681 991 744 librorum
1015 689 1071 744 est.
1138 698 1146 707 ’

217 791 262 855 Ut
285 790 488 854 Herwerdeno
510 790 564 853 illa
585 790 634 854 καὶ
647 789 707 855 θοίν.
720 793 788 856 αὐτ.
800 816 869 856 κατ.
882 792 925 855 sic
938 791 1073 876 Kaysero
1089 812 1213 876 quoque
1224 791 1255 854 in

173 902 336 986 Philologo
349 901 406 965 XL
420 924 450 986 p.
466 904 528 965 164
541 902 690 985 quaedam
703 902 755 966 sed
769 902 828 966 alia
843 903 876 966 in
892 903 947 967 hac
963 903 1031 988 ipsa
1042 902 1176 967 sectione
1188 924 1257 986 sup

173 1014 314 1099 positicia
344 1013 502 1090 videntur;
532 1013 624 1097 vulgo
652 1014 733 1077 enim
762 1013 876 1098 legitur
898 1013 1044 1094 Φνγθντες
1067 1013 1127 1091 γθιρ
1153 1011 1256 1077 ένθένδε

172 1126 220 1190 καί
244 1128 279 1191 οὐ
302 1124 571 1207 συλληφθέντες
594 1150 637 1203 γε
660 1124 738 1210 (Μὸ.
762 1125 802 1208 δὲ)
826 1125 893 1190 οὐδ’
917 1125 1176 1202 ὑπομείναντες
1195 1125 1255 1191 τδν

171 1239 300 1319 κρίσιν,
335 1237 521 1308 κατελθόντες
552 1235 612 1300 ὐπὸ
639 1243 736 1311 Φνλῆς
759 1241 899 1313 τιμῶνται
922 1236 973 1318 ὑφ’
997 1236 1075 1309 ὑμῶν
1097 1237 1135 1306 ὡς
1158 1232 1254 1313 ἄνδρες

170 1348 275 1426 ἀγαθοὶ
299 1347 391 1429 ὄντες,
416 1348 449 1411 in
472 1347 584 1431 quibus
608 1348 699 1411 verba
721 1347 855 1411 diductis
877 1346 987 1411 litteris
1011 1369 1152 1431 expressa
1176 1347 1255 1410 eiici-

171 1461 249 1526 enda
273 1465 370 1545 putat.
417 1459 526 1523 Fateor
556 1459 698 1544 equidem
727 1466 828 1523 totum
858 1459 960 1523 locum
983 1482 1048 1523 esse
1071 1459 1253 1537 verbosum3

171 1597 273 1639 verum
298 1573 342 1638 ita
364 1572 402 1637 ab
426 1581 545 1635 oratore
567 1571 707 1635 relictum
732 1594 796 1635 esse
819 1571 983 1656 neglegens
1007 1578 1163 1635 structura
1177 1570 1255 1634 indi·

169 1709 237 1751 care
267 1684 398 1748 videtur.
445 1683 651 1748 Anacoluthia
679 1684 760 1747 enim
790 1683 887 1760 inest,
920 1705 1013 1767 qnam
1041 1682 1155 1746 frustra
1179 1681 1255 1746 Her·

169 1798 326 1862 werdenus
357 1794 432 1877 mihi
462 1816 615 1858 removere
647 1795 749 1858 conari
776 1793 905 1858 videtur.
952 1793 1002 1857 Ita
1024 1784 1182 1858 terminari
1205 1817 1253 1879 pe

169 1908 273 1974 riodus
291 1907 422 1971 debebat
437 1908 461 1973 οἱ
481 1907 506 1971 δ’
519 1909 627 1972 αὐτῶν.
645 1907 855 1988 περιγενόμενοι
873 1906 922 1971 καί
942 1905 1092 1980 σωθέντες,
1106 1905 1252 1988 Φογθντες

169 2028 308 2099 τιμῶνται
337 2020 387 2098 oo’
418 2019 495 2096 ὐμῶν
517 2021 553 2091 ὥς
576 2017 672 2099 ίονδρες
695 2018 800 2095 οίγαθοί
823 2017 909 2091 ὄντες.
949 2017 1041 2082 Nunc
1064 2017 1253 2103 interpositis

169 2129 372 2215 quibusdam,
402 2130 434 2193 in
467 2129 579 2213 quibus
611 2132 627 2204 ἡ
659 2129 687 2194 δέ
710 2129 789 2208 τύχκ
813 2129 862 2193 καί
885 2131 898 2194 θ
921 2129 1031 2206 δαίμων
1053 2129 1250 2210 περιεποίησε,

169 2249 331 2328 postrema,
356 2262 433 2323 quae
456 2239 604 2325 epodosin
623 2239 738 2305 efficere
756 2239 916 2317 debebant,
931 2240 1069 2325 apposito
1085 2239 1144 2320 γοίρ
1160 2239 1252 2303 simul

167 2360 312 2436 tanquam
336 2372 427 2413 causa
449 2349 532 2413 illius
556 2350 639 2414 effati
662 2351 825 2415 afferentur
832 2377 841 2428 3
865 2352 898 2415 in
921 2373 983 2436 quo
1006 2373 1067 2414 non
1091 2351 1188 2434 magis
1210 2349 1254 2413 os-

166 2463 257 2527 leudo
281 2485 372 2546 quam
395 2463 427 2525 in
451 2461 644 2546 oppositione
667 2464 797 2547 protasis
821 2470 851 2526 et
867 2462 1008 2548 apodosis
1025 2485 1078 2548 per
1093 2462 1138 2546 δέ,
1155 2484 1252 2546 quae,

166 2573 328 2660 praecipue
352 2580 422 2657 post
444 2568 542 2649 οὗτος,
566 2573 609 2635 ita
632 2573 773 2658 frequens
799 2581 861 2652 est,
885 2581 922 2637 ut
944 2596 1033 2637 nemo
1056 2573 1144 2638 facile
1168 2574 1200 2637 in
1217 2595 1254 2636 ea

114 2750 119 2758 ,
165 2686 314 2749 haesuros
338 2684 379 2747 sit
404 2684 459 2765 (sic
481 2685 565 2749 οὶλλιί
588 2684 682 2748 Isocr.
709 2688 760 2748 16.
785 2687 849 2769 36).
889 2684 982 2764 Quod
998 2685 1160 2769 proposuit
1175 2683 1266 2747 Her-‘

165 2795 321 2860 werdcnus
345 2796 368 2860 οί
396 2796 419 2860 δ’
440 2797 534 2860 αὐτῶν
557 2797 770 2876 περιγίγνονται
794 2797 928 2866 σωθέντες
952 2797 1018 2879 (aut
1041 2796 1119 2880 ἔνιοι)
1144 2818 1253 2860 omnes

166 2929 273 2972 nervos
297 2907 442 2971 orationis
467 2906 571 2984 elidit,
600 2907 775 2993 compositis
799 2931 868 2971 cunr
891 2909 914 2971 οἱ
938 2909 991 2986 μέν
1010 2907 1098 2988 μείζω
1122 2911 1174 2982 τὴν
1197 2907 1253 2972 πθ-

165 3033 210 3083 λιν
233 3017 409 3098 παρέδοσαν,
432 3018 456 3081 οἱ
479 3017 507 3080 δὲ
530 3018 700 3082 οὐδεπώποθ’
722 3018 857 3096 οὐδεμίαν
879 3020 975 3084 αἰτίαν
995 3021 1123 3100 αίσχρθιν
1141 3017 1252 3102 ἔσχον,

164 3128 283 3213 frigidis
314 3127 376 3191 illis
399 3129 423 3192 ol
443 3129 473 3191 δὲ
496 3129 727 3208 περιγίγνονται,
752 3152 830 3213 quae
852 3131 977 3195 minime
1000 3138 1094 3216 caput
1116 3131 1159 3195 rei
1180 3153 1255 3195 con·

164 3240 273 3303 tinent.
297 3279 342 3288 -
371 3239 461 3303 Doct.
494 3240 703 3336 Halbertsma,
735 3241 899 3327 Bijdrageu
928 3249 975 3306 tot
1005 3243 1043 3306 de
1066 3243 1175 3307 kannis
1195 3242 1254 3308 der

165 3349 414 3415 Nederlandsche
438 3350 640 3435 (lpmrrasien,
668 3355 902 3431 rada-1863,
927 3377 957 3438 p.
978 3357 1039 3417 164
1061 3362 1180 3439 praeter
1194 3354 1255 3419 illa

165 3483 243 3544 quae
266 3460 401 3546 Kaysero
425 3471 455 3527 et
478 3462 681 3529 Herocrdeno
705 3467 864 3551 supposita
878 3465 1038 3544 videntur,
1056 3468 1147 3530 etiam
1165 3467 1253 3532 eiicit

163 3571 309 3649 Φνγθντες
340 3575 400 3654 γθορ
429 3575 533 3640 ἐνθένδε
562 3577 622 3641 καί.
668 3577 750 3641 Mihi
779 3578 920 3642 consulto
952 3579 1113 3663 participia
1144 3601 1254 3644 cumu-

163 3681 241 3746 lasse
265 3682 385 3748 vidctur
408 3694 519 3749 orator.

207 3795 223 3879 p
247 3797 297 3858 dd.
344 3795 449 3873 Tales,
473 3805 535 3861 tam
560 3799 695 3882 egregios
719 3800 816 3877 cives,
840 3800 940 3886 pergit
963 3813 1083 3879 orator,
1101 3801 1159 3865 iste
1174 3801 1252 3867 hinc

125 3910 130 3919 '
163 3902 281 3970 exsules
302 3906 405 3990 abegit
423 3908 576 3991 (φνγοίδας
588 3910 714 3976 έντεύθεν
725 3911 839 3987 ε’ποίκσε
855 3911 892 3975 cf.
906 3934 998 3996 supra
1010 3935 1078 3998 pag.
1093 3913 1146 3995 81)
1155 3938 1165 3990 ;
1182 3911 1252 3996 ipse

163 4011 262 4100 dualis
282 4016 405 4081 tandem
425 4018 492 4082 est?
516 4019 646 4105 Oportet
665 4045 713 4086 me
724 4045 777 4086 vos
790 4023 932 4088 certiores
943 4024 1058 4101 facere,
1075 4045 1197 4087 servum
1212 4023 1252 4087 il-

162 4128 227 4192 lum
247 4136 277 4192 et
300 4152 337 4193 cx
360 4131 453 4194 servis
468 4141 576 4197 natum
592 4156 665 4198 esse.
689 4133 790 4214 Τούτςο
801 4135 854 4212 μὲν
865 4135 925 4215 γθιρ
936 4137 1033 4216 πατὴρ
1045 4131 1077 4210 ἦν
1088 4135 1250 4214 Εὐμοίρης,

162 4241 307 4316 ἐγένετο
335 4241 358 4305 δ’
387 4243 596 4325 ο”·Εὐμοίρης
623 4242 723 4318 οὗτος
746 4236 965 4318 Νικοκλέους
988 4246 1046 4311 καὶ
1070 4248 1252 4313 Ἀντικλέ-

161 4375 226 4423 ονς.
272 4353 330 4416 Καί
356 4376 403 4428 μοι
426 4353 560 4431 οίνιίβητε
582 4356 733 4436 μοίρτνρες.
771 4355 899 4435 Vereor,
928 4381 966 4423 ne
991 4357 1072 4422 idem
1095 4359 1149 4442 qui
1173 4381 1251 4444 pan·
