2850 5024
678 350 742 410 208

167 541 367 626 adscripticiis
403 540 628 628 (δνμοποιητοῖς)
663 565 731 606 raro
766 545 1016 628 permittebatur,
1049 545 1135 630 patri
1158 552 1260 610 tamen

163 672 342 714 concessum
365 651 474 726 fuisse,
494 672 589 734 quum
615 651 680 735 ipse
704 652 828 717 civitate
851 653 1025 732 donaretur,
1050 663 1087 718 ut
1112 654 1259 719 Nicoma-

164 760 256 822 chum
274 760 335 822 iam
351 759 471 841 aliquot
484 780 579 821 annos
593 770 700 823 natum
712 761 745 824 in
759 761 913 844 phratriae
925 762 1100 847 catalogum
1113 766 1260 843 inferret,

163 869 254 933 fidem
285 869 358 932 lacit
389 869 406 951 q
437 870 474 930 2:
506 867 556 931 καὶ
585 863 632 931 οἶα
656 869 713 940 νέος
736 869 773 933 ὢν
795 867 876 943 οὗτος
899 873 1090 955 ἐπετήδευσε,
1118 875 1170 938 καί
1194 875 1261 939 ὅσα

162 977 222 1053 ἐτη
256 978 413 1054 γεγονὼς
440 977 490 1048 είς
515 976 596 1047 τοὺς
618 976 801 1058 Φροίτερας
825 981 991 1063 είςήχίν,
1015 983 1092 1046 πολὺ
1116 981 1155 1046 aa
1178 981 1261 1064 ἔργον

163 1086 205 1160 εἴη
232 1086 339 1163 λέγειν.
386 1085 447 1147 Vix
471 1086 554 1149 enim
576 1084 634 1148 hoc
658 1087 762 1170 potuit
784 1089 872 1172 pueri
894 1097 949 1153 aut
971 1089 1178 1154 adolescentis
1202 1115 1262 1156 me·

165 1196 233 1259 ritis
263 1196 296 1258 in
326 1217 390 1258 rem
421 1194 575 1278 publicam
607 1195 719 1259 deberi.
768 1195 839 1260 Non
867 1198 978 1262 inutile
1008 1201 1067 1263 erit
1089 1199 1260 1264 contulisse

166 1305 267 1368 locum
301 1304 517 1388 Aristophanis
549 1305 810 1389 elegantissimum
840 1308 873 1371 in
903 1308 980 1372 Rau.
1004 1313 1087 1374 417:
1120 1311 1262 1374 Βούλεσθε

165 1415 239 1489 δῆτα
271 1425 347 1496 κοινῇ
380 1415 549 1494 Σαιίψωαεν
578 1414 777 1494 Ἀρχέδημον,
805 1414 863 1488 Ὃς
887 1419 1011 1493 ἑπτέτης
1034 1420 1071 1484 ὢν
1092 1423 1146 1484 οὐκ
1169 1420 1262 1499 ἔφυσε

165 1523 335 1606 oparata„
365 1522 508 1587 Ceterum
535 1524 572 1586 cf.
598 1523 736 1590 Schoem.
765 1526 839 1589 Ant.
863 1525 928 1590 Iur.
952 1527 1043 1592 Publ.
1069 1551 1098 1612 p.
1127 1531 1204 1592 207.
1229 1531 1259 1591 4.

166 1632 392 1696 Nicomachum
422 1632 534 1715 igitur,
565 1634 675 1715 utqui
706 1633 813 1718 populi
837 1634 983 1699 beneficio
1007 1637 1109 1701 omnia
1134 1637 1261 1702 deberet

166 1743 254 1825 cique
287 1742 374 1824 quasi
402 1743 609 1826 emancipatus
641 1750 737 1820 essct,
769 1743 900 1821 δημόσιον
931 1746 1066 1830 appellat
1097 1748 1125 1830 (d
1159 1750 1189 1831 6)
1222 1748 1260 1810 ad

165 1851 418 1914 calumniandum
441 1851 560 1935 vulgari
583 1850 730 1935 loquendi
753 1852 970 1916 consuetudini
994 1855 1054 1917 vim
1078 1856 1225 1920 infereus

210 1960 353 2044 Denique
384 1981 445 2042 qno
476 1960 572 2043 magis
605 1968 711 2043 urgeat
742 1968 844 2024 orator
872 1962 999 2026 rationis
1031 1987 1094 2028 non
1117 1965 1260 2030 redditae

166 2069 305 2152 culpam,
339 2069 377 2132 dc
401 2070 528 2140 εὐθύναις
552 2092 587 2132 ea
610 2076 730 2147 narrat„
756 2091 834 2152 quae
858 2094 920 2135 non
944 2075 1079 2157 potuerit
1101 2097 1167 2139 non
1190 2098 1262 2139 oon·

164 2178 246 2241 sulto
269 2178 391 2261 fingere.
440 2180 478 2243 Οἱ
501 2179 553 2255 μὲν
573 2177 676 2258 ἄλλοι,
704 2180 824 2262 iuquit,
847 2190 900 2255 τῆς
924 2183 1019 2246 αὑτῶν
1041 2184 1139 2262 ἀρχῆς
1164 2185 1262 2250 κατὰ

163 2287 386 2367 πρυτανείαν
416 2286 503 2363 λόγον
534 2287 726 2368 ἀναφέρουσι,
755 2289 791 2351 σὺ
814 2288 839 2350 δ’
862 2285 883 2352 ὦ
906 2291 1082 2370 Νικόμαχε,
1105 2293 1169 2357 οὐδὲ
1192 2319 1261 2359 τετ-

163 2397 255 2479 παραυ
286 2401 360 2461 ἐτῶν
391 2395 514 2471 ἠξίωσας
541 2396 706 2476 ἐχχροίψαι.
754 2396 861 2461 Fuisse
884 2407 1073 2463 menstruam
1097 2423 1262 2468 censuram

163 2508 196 2571 in
227 2507 323 2591 prima
356 2509 505 2590 cuiusque
528 2507 685 2591 prytaniae
708 2508 851 2570 contione
875 2510 1123 2594 (ἐπιχειροτονίαν)
1148 2520 1261 2575 notum

166 2622 228 2693 cst;
261 2616 315 2679 scd
344 2616 510 2700 rogabatur
541 2623 664 2679 tantum
688 2616 720 2678 in
744 2616 922 2679 universum
946 2618 1080 2701 populus
1103 2642 1180 2685 uum
1205 2621 1262 2703 qui

162 2726 361 2808 magistratus
392 2727 424 2789 in
454 2748 580 2789 munere
603 2725 737 2809 gerendo
761 2731 867 2788 contra
890 2725 972 2809 leges
996 2736 1153 2811 peccasset
1160 2755 1170 2806 3
1194 2752 1261 2793 non

163 2834 280 2918 singuli
301 2837 499 2920 magistratus
515 2836 647 2898 rationes
664 2833 795 2911 dabant3
812 2857 939 2898 munere
956 2835 1098 2920 deposito
1115 2836 1260 2914 demum,

162 2944 243 3007 intra
276 2945 403 3029 triginta
430 2943 512 3022 dies,
536 2943 668 3007 rationes
693 2942 854 3006 debebant.
901 2942 995 3022 Quod
1018 2946 1044 3007 si
1067 2945 1155 3009 lubet
1178 2947 1261 3011 hauc

162 3055 385 3133 ἐπιχειροτονίαν
409 3052 508 3116 dicere
531 3052 666 3128 εὐθύνας,
692 3050 797 3116 eodem
813 3052 878 3114 inre
893 3051 1103 3117 Nicomachus
1120 3056 1259 3119 rationes

165 3163 271 3244 quavis
297 3163 436 3246 prytania
459 3161 576 3224 dedisse
600 3159 661 3223 dici
680 3165 815 3242 poterat,
840 3182 902 3244 quo
918 3160 1030 3245 reliqui
1046 3163 1259 3246 magistratus

83 3329 88 3337 ,
164 3271 266 3335 Verba
296 3272 424 3335 oratoris
456 3273 491 3355 (οἱ
526 3273 579 3348 μὲν
609 3268 708 3353 ἄλλοι)
738 3271 781 3332 ita
803 3271 972 3353 generatim
998 3271 1196 3350 dictasunt,
1222 3283 1260 3336 ut

162 3381 322 3444 manifesto
345 3379 421 3442 falsa
444 3379 559 3456 tradat,
584 3385 614 3442 ct
638 3377 778 3441 consulto
803 3377 944 3461 quidem,
971 3381 1118 3463 qnoniam
1137 3383 1259 3446 nemini

162 3490 294 3552 Athenis
325 3489 358 3551 in
388 3510 419 3551 rc
449 3487 573 3572 publica
603 3487 651 3550 vel
681 3485 800 3550 modice
829 3493 966 3564 versato,
999 3489 1115 3552 nedum
1138 3493 1258 3555 oratori

160 3598 268 3681 ignota
291 3598 393 3682 potuit
415 3619 462 3660 rcs
482 3618 555 3660 esse.
590 3595 623 3658 Si
645 3596 774 3672 fuerint,
788 3596 853 3678 -qui
870 3597 976 3679 quovis
1000 3620 1105 3663 mense
1120 3602 1258 3664 rationes

163 3708 240 3791 gesti
263 3708 398 3770 muneris
421 3707 504 3790 apud
527 3713 670 3791 prytanea
695 3705 893 3790 deposuerint
909 3708 1114 3795 (ἐγγράφειν),
1131 3730 1262 3776 consen·

162 3824 286 3880 taneum
318 3823 363 3879 est
385 3816 479 3880 fuisse
502 3838 571 3893 eos,
596 3815 651 3898 qui
673 3815 821 3899 pecuniae
845 3815 1141 3883 administrationem
1165 3819 1260 3884 habc-

160 3933 246 4003 rent,
271 3926 324 3990 scd
347 3925 385 3988 ad
414 3925 470 3989 hos
493 3923 699 3988 Nicomachus
723 3946 785 3987 non
808 3925 989 4008 pertinebat.

95 4077 100 4086 ·
204 4033 292 4113 Quae
326 4034 415 4098 attuli
446 4041 625 4118 exaggerata
657 4041 687 4097 ct
710 4055 728 4095 a
750 4055 821 4096 vero
846 4033 981 4112 detorta,
1007 4043 1127 4113 tamen,
1153 4059 1254 4119 quum

161 4144 253 4229 culpa
275 4145 319 4208 rei
342 4144 379 4206 iis
403 4150 568 4228 augeatur,
590 4141 740 4206 eiusmodi
764 4164 827 4204 csse
850 4142 1003 4220 videntur,
1034 4153 1070 4206 nt
1094 4152 1258 4210 accusator

160 4254 368 4319 calumniandi
399 4253 501 4317 studio
530 4259 631 4315 motus
669 4251 767 4314 dicere
806 4252 950 4334 potuerit.
998 4251 1089 4315 Cauti
1125 4254 1253 4336 quidem
