2850 5024
790 380 809 440 6

253 585 421 647 orationem
445 583 482 644 de
506 592 615 644 trunco
637 580 721 643 oleae
744 581 844 643 exciso
868 582 1079 664 pronunciavit
1094 585 1148 661 (or.
1169 584 1198 662 7)
1220 580 1342 643 nullum

255 695 347 758 habet
370 694 493 757 verbum
518 715 554 755 11
578 699 643 754 arte
666 713 722 753 sua
745 692 892 774 petitum,
917 693 976 754 nisi
1000 693 1077 754 forte
1108 691 1235 755 dubium
1260 691 1340 754 illud

254 806 383 884 repartiri
408 807 425 888 q
448 808 500 866 21.
539 803 632 866 Acuti
656 825 728 866 sane
751 810 839 866 erant
862 803 1064 866 Athenienses
1088 803 1126 866 ad
1149 803 1232 866 iocos
1255 811 1287 866 et
1301 804 1344 865 fa-

255 917 349 980 cetias
379 915 678 991 animadvertendas,
710 914 764 977 sed
794 921 896 978 tamen
927 937 983 977 nos
1014 937 1075 978 non
1097 915 1143 978 ita
1164 914 1288 978 hebetes
1312 923 1343 977 et

254 1028 381 1091 obtusos
411 1029 444 1090 in
468 1027 525 1089 hoc
548 1047 657 1110 genere
680 1025 839 1101 existimo,
863 1025 938 1109 quin
962 1024 1061 1088 multo
1085 1026 1174 1108 plura
1195 1025 1343 1088 iocularia

255 1139 396 1202 debuisse
427 1138 488 1201 dici
510 1138 541 1200 in
565 1138 702 1200 oratione
725 1159 781 1220 pro
804 1134 924 1199 Claudo
947 1137 1014 1219 (24)
1037 1143 1171 1200 statuere
1194 1136 1341 1213 audeam,

255 1252 281 1314 si
312 1249 417 1334 Lysias
448 1272 550 1313 senem
581 1247 737 1311 scurrilem
768 1248 807 1311 ob
838 1247 943 1310 oculos
974 1270 1085 1332 ponere
1116 1247 1278 1324 voluisset,
1302 1256 1343 1310 ‘et

255 1362 379 1425 omnino
402 1362 504 1424 iocum
526 1359 683 1423 scurrilem
706 1382 814 1444 parum
836 1360 941 1423 decere
957 1359 1162 1443 eloquentiam
1181 1360 1341 1423 sorensem.

256 1472 316 1535 Sed
348 1472 405 1534 1111
435 1470 549 1534 habent
580 1470 636 1534 hae
665 1471 817 1533 orationes
847 1471 926 1533 inter
956 1492 988 1532 se
1018 1477 1049 1533 et
1078 1492 1149 1534 cum
1181 1493 1232 1547 ea,
1263 1493 1343 1554 quae

256 1591 303 1647 est
333 1582 370 1646 de
399 1583 488 1647 bonis
516 1583 732 1666 Aristophanis
755 1583 821 1665 (19)
845 1604 1021 1658 commune,
1048 1582 1131 1666 quod
1155 1584 1209 1667 qui
1233 1583 1343 1646 dicunt

256 1693 422 1758 admodum
444 1695 571 1778 ingenui
594 1702 668 1757 sunt
691 1702 721 1757 11
744 1692 913 1777 simplices,
938 1700 974 1756 nt
997 1716 1092 1777 paene
1116 1694 1194 1756 fatui
1210 1693 1343 1770 ethardi

256 1805 427 1870 videantur.
462 1803 609 1868 Oratione
630 1804 759 1888 septima
773 1803 907 1887 agricola
921 1803 1052 1887 speciem
1069 1803 1246 1888 prudentiae
1263 1827 1345 1867 aver·

256 1926 342 1981 satur
371 1918 388 2001 ᾧ
414 1918 471 1979 12:
502 1913 559 1980 ὅσοι
590 1940 630 1994 με
659 1916 799 1996 1111111111
828 1914 914 1979 δεινὸν
944 1911 1015 1978 εἶναι
1046 1914 1094 1978 καὶ
1118 1915 1195 1978 οὐδὲν
1223 1914 1259 1978 ἂν
1282 1917 1344 1995 εἰκῇ

256 2027 306 2092 aa}
329 2027 496 2104 ἀλογίστως
518 2035 654 2103 ποιῆσαι,
681 2025 864 2103 ἠγανάκτουν
886 2022 933 2087 ἄν.
969 2024 1069 2088 Ρ1111
1092 2026 1222 2090 stultum
1246 2027 1346 2090 videa·

256 2146 308 2203 tur
330 2137 414 2223 quod
436 2136 512 2202 dicit
534 2138 629 2215 serio,
653 2145 799 2220 tanquam
822 2135 1021 2199 affirmatione
1044 2135 1197 2222 indigeat,
1215 2159 1345 2223 eaquae

258 2257 348 2313 antea
376 2270 438 2312 non
463 2248 669 2324 exstitissent,
695 2255 765 2332 post
788 2245 886 2310 excidi
908 2269 970 2309 non
994 2248 1130 2330 potuisse
1154 2249 1181 2332 (S
1207 2251 1269 2329 ll).
1305 2249 1344 2312 In

257 2360 412 2424 Simonem
435 2360 527 2424 verba
548 2360 661 2424 faciens
684 2361 716 2442 (3
739 2361 826 2444 136)
850 2358 994 2436 affirmat,
1012 2360 1115 2443 fugere
1132 2383 1200 2439 111,
1217 2361 1250 2424 in
1266 2384 1344 2446 quos

257 2473 390 2557 impetus
421 2472 488 2548 fiat,
519 2471 641 2555 insequi
671 2492 740 2548 eos,
771 2471 825 2555 qui
852 2471 996 2534 iniuriam
1022 2470 1219 2535 meditentur.
1266 2472 1343 2536 Rem

256 2584 381 2647 minime
404 2582 538 2647 dubiam.
576 2582 636 2646 Sed
659 2583 771 2646 tacitus
794 2604 849 2666 pro
873 2603 1015 2646 concesso
1032 2583 1144 2660 sumit,
1161 2606 1194 2647 11
1209 2584 1341 2667 fugisse,

257 2716 320 2758 non
348 2694 508 2778 petivisse,
533 2692 616 2778 qnod
639 2693 770 2757 dubium
793 2693 917 2757 omnino
941 2700 1022 2771 erat3
1046 2708 1152 2758 contra
1175 2695 1284 2773 efficit,
1308 2705 1346 2760 ut

257 2791 290 2868 in
319 2827 351 2867 re
381 2804 505 2867 minime
535 2803 630 2868 dubia
659 2803 750 2868 cardo
781 2804 824 2867 rei
847 2806 959 2868 versari
982 2804 1139 2883 videatur,
1165 2807 1343 2871 auditorum

258 2916 377 2979 animos
406 2916 444 2979 ab
476 2938 528 2995 eo,
552 2916 636 3001 quod
659 2916 717 2980 sibi
741 2915 907 2993 officiebat,
932 2915 1094 2981 abducens.
1130 2916 1276 2983 Oratione
1303 2923 1343 2983 16

261 3027 452 3092 Mantitheus
475 3051 506 3091 11
529 3035 670 3104 excusat,
695 3026 778 3113 quod
802 3027 977 3092 adolescens
1001 3029 1111 3093 audeat
1134 3029 1251 3107 dicere,
1278 3053 1348 3094 con-

260 3140 409 3203 tinentem
432 3162 472 3202 se·
486 3137 630 3203 describit
652 3139 685 3202 in
708 3139 772 3203 vita
794 3147 825 3202 et
846 3139 1056 3217 innocentem,
1081 3150 1117 3204 11
1134 3140 1294 3204 abhorreat
1308 3141 1346 3205 ab

262 3252 327 3316 alea
350 3260 380 3316 et
399 3252 487 3328 vino,
503 3250 586 3315 unde
601 3251 673 3314 mali
689 3273 824 3315 rumores
843 3251 882 3315 de
901 3253 967 3336 ipso
987 3252 1025 3316 ab
1045 3252 1223 3338 aequalibus
1234 3252 1346 3316 invidis

261 3369 444 3447 spargantur
466 3364 493 3447 (q
518 3364 557 3424 11
579 3364 694 3445 1120).
719 3363 934 3447 Aristophanis
952 3363 1065 3441 affinis,
1086 3365 1141 3448 qui
1153 3364 1289 3427 oratione
1304 3366 1343 3426 19

261 3472 352 3537 verba
374 3472 464 3549 facit,
488 3472 616 3556 triginta
634 3494 730 3535 annos
750 3481 841 3536 natus
861 3475 888 3558 (q
906 3476 970 3557 55),
991 3483 1027 3537 11
1047 3496 1079 3538 11
1096 3474 1250 3539 iudicibus
1267 3497 1345 3538 com·

260 3583 399 3661 mandet,
424 3605 590 3667 numquam
613 3606 646 3647 se
668 3585 747 3668 patri
770 3584 948 3649 oblocutum
972 3608 1036 3649 esse
1060 3584 1152 3665 dicit,
1177 3608 1344 3670 numquam

261 3696 294 3758 in
315 3694 431 3758 iudicio
454 3717 553 3779 neque
576 3694 607 3757 in
631 3704 739 3757 senatu
763 3718 794 3758 se
817 3695 927 3773 tuisse3
950 3695 1041 3760 tando
1065 3719 1096 3760 se
1112 3697 1281 3773 audivisse,
1298 3718 1334 3759 ca

260 3807 409 3870 lumniam
431 3827 493 3869 rem
517 3827 581 3869 esse
604 3805 741 3869 omnium
763 3808 973 3892 turpissimam
996 3809 1022 3892 (q
1046 3810 1077 3892 5)
1083 3833 1091 3885 ;
1116 3806 1197 3871 idem
1223 3830 1240 3871 a
1262 3815 1348 3891 patre

262 3916 425 4001 comperit,
450 3900 539 4001 saepe
561 3917 595 3979 in
618 3916 814 3980 aestimandis
837 3917 925 3981 bonis
949 3919 1062 3981 civium
1086 3919 1230 3982 erravisse
1254 3920 1347 3982 Athe·

261 4028 381 4091 nienses
405 4031 485 4111 (45);
508 4028 590 4092 idem
605 4028 734 4092 aliorum
750 4031 931 4094 anctoritate
948 4029 1060 4107 credit,
1079 4031 1228 4115 optimum
1245 4054 1348 4115 quem·

262 4162 321 4224 que
345 4140 383 4203 ad
407 4141 526 4203 veniam
548 4141 774 4224 paratissimum
797 4165 861 4205 esse
884 4144 960 4226 (53).
998 4142 1161 4206 Μ11111111
1185 4142 1216 4205 id
1242 4141 1345 4205 studet

262 4273 297 4313 ea
319 4252 418 4335 specie
441 4259 557 4329 orator,
572 4259 616 4314 —ut
640 4252 770 4316 iniuriae
793 4255 895 4336 potius
919 4254 1068 4339 obnoxius
1092 4276 1184 4337 quam
1207 4254 1245 4318 ad
1267 4255 1346 4317 frau-

263 4360 332 4425 dem
363 4362 504 4446 proclivis
536 4362 674 4425 videatur
704 4364 747 4440 is,
772 4364 826 4448 qui
850 4387 881 4428 se
904 4364 1049 4428 defendit.
1085 4363 1144 4428 Sed
1168 4389 1246 4450 quae
1269 4365 1344 4429 dicit
