2850 5024
680 399 741 461 207

162 621 191 681 p.
217 599 279 661 271
306 594 486 659 dubitanter
508 593 532 656 οἱ
557 594 594 656 Λ’
607 593 655 655 vel
679 593 704 655 οἱ
717 592 781 656 AE‘
797 592 818 654 i.
835 615 860 655 e.
886 593 911 655 οἱ
927 591 1082 671 πριακοντα
1101 591 1149 655 rel
1161 592 1255 670 τριθκ.

163 708 268 783 πέντερ
295 705 405 768 melius
421 703 552 786 Bergh:
577 701 659 784 δέκα)
682 701 809 782 ᾑρημένοι
833 702 1021 776 νομοθέται
1042 701 1168 775 ὑπὸτῆς
1188 701 1256 777 βον-

162 825 216 890 λῆς
240 811 519 892 θναγροέφοντες
542 813 571 874 ἐν
594 812 704 875 σανίσιν
723 810 887 874 ἐκτιθέντων
909 810 977 889 πρὸς
993 811 1059 881 τοὺς
1080 809 1256 885 ἐπωνύμους.

164 923 377 1004 Quamquam,
404 920 430 981 si
454 919 505 982 cui
529 918 624 982 dubia
647 919 789 981 videatur
813 918 887 981 haec
910 918 1093 994 auctoritas,
1118 917 1202 980 vides
1218 939 1256 980 ne

164 1031 369 1116 psephismate
393 1028 518 1111 quidem
541 1050 618 1112 opus
643 1050 725 1105 esse,
750 1035 786 1089 ut
810 1027 1037 1091 demonstretur
1059 1027 1184 1090 illorum
1205 1049 1258 1089 no

165 1142 373 1204 mothetarum
404 1138 470 1221 (qui
501 1135 595 1221 probe
619 1136 830 1219 distinguendi
853 1159 869 1197 a
894 1137 1071 1220 quingentis
1094 1137 1126 1198 in
1151 1135 1257 1198 eodem

166 1250 375 1335 psephismate
399 1248 661 1324 commemoratis,
687 1254 717 1310 et
741 1269 759 1309 a
782 1247 971 1330 vulgaribus)
988 1247 1146 1330 proprium
1163 1247 1257 1310 fuisse

166 1361 199 1424 τὸ
222 1359 408 1438 ἀναγράφειν
433 1359 499 1429 τοὺς
524 1357 634 1433 νόμους.
683 1355 807 1435 Quibus
832 1357 905 1418 satis
929 1356 1171 1419 demonstratum
1192 1362 1258 1418 tan·

168 1490 259 1552 quam
290 1468 440 1543 νομοθέτην
472 1465 664 1548 rescripsisse
687 1464 887 1547 (αναγροθψαι)
910 1465 993 1548 leges
1016 1463 1239 1528 Nicomachum
1246 1490 1256 1540 ;

168 1600 223 1642 uec
248 1577 418 1661 quidquam
441 1575 600 1661 prohibet,
627 1576 792 1657 quominus
816 1597 887 1637 eum
911 1576 1015 1637 statim
1038 1582 1110 1657 post
1132 1575 1260 1658 triginta

169 1688 247 1749 viros
271 1686 414 1770 expulsos
438 1693 574 1749 creatum
596 1691 751 1768 putemus.
790 1683 882 1763 Quod
899 1685 932 1746 in
947 1684 1153 1768 psephismate
1177 1683 1260 1766 apud

169 1794 361 1858 Andocidem
391 1795 533 1859 iubentur
566 1815 629 1857 uno
652 1816 756 1857 mense
778 1815 892 1856 munus
915 1793 1058 1876 perficere
1083 1791 1261 1875 (παραδιδόν-

169 1929 226 1968 των
249 1911 316 1975 ταῖς
341 1908 451 1982 ἀρχαῖς
475 1906 503 1967 ἐν
526 1904 598 1984 τῷδε
621 1906 662 1983 τῷ
685 1904 786 1987 μιρνθ),
811 1901 894 1985 apud
918 1900 1043 1985 Lysiam
1067 1902 1094 1984 (d
1117 1902 1149 1983 4)
1168 1898 1261 1963 Nico·

171 2013 298 2076 machus
330 2014 444 2077 dieitur
468 2020 605 2097 potuisse
636 2013 764 2095 triginta
794 2011 901 2074 diebus
932 2033 997 2073 rem
1020 2010 1179 2093 perficere,
1201 2009 1260 2072 dis·

172 2124 286 2185 crimen
313 2131 360 2186 est
382 2125 537 2185 minutum
560 2122 651 2184 nimis
676 2143 768 2204 quam
792 2128 828 2183 ut
850 2142 907 2183 nos
932 2121 1043 2182 morari
1067 2118 1186 2183 debeat.

217 2231 358 2296 Ceterum
390 2233 493 2295 omnia
522 2232 555 2294 in
582 2232 639 2293 hac
662 2231 799 2293 oratione
823 2230 972 2306 clamant,
997 2229 1119 2312 culpam
1141 2228 1183 2292 N.
1206 2229 1261 2292 mi·

173 2342 256 2405 rifice
288 2342 325 2405 ab
357 2349 476 2404 oratore
508 2341 692 2423 exaggerari.
739 2339 861 2416 Pretio,
893 2340 1014 2422 inquit,
1039 2347 1110 2403 ante
1133 2340 1261 2423 triginta

173 2452 252 2513 viros
282 2450 364 2533 leges
391 2450 458 2511 fixit
490 2455 582 2531 atquc
611 2449 727 2524 refixit3
760 2471 822 2511 non
846 2449 912 2511 aliis
937 2449 1100 2512 utebamur
1123 2448 1259 2531 legibus,

172 2581 263 2643 quam
293 2580 368 2641 quas
398 2558 451 2621 ille
479 2557 734 2621 subministrabat
755 2558 844 2621 nobis
869 2559 895 2641 (q
918 2561 960 2641 3).
1006 2557 1063 2620 Est
1085 2559 1145 2620 ista
1167 2557 1261 2621 dieta·

171 2670 245 2732 toris
270 2674 324 2730 aut
347 2674 541 2730 aesumnetae
565 2667 711 2749 potentia.
758 2665 855 2729 Cuius
879 2665 1011 2728 hominis
1034 2666 1154 2729 nullam
1170 2667 1260 2730 aliam

171 2776 348 2841 memoriam
371 2776 453 2859 apud
476 2776 611 2858 reliquos
624 2777 732 2838 harum
747 2798 850 2839 rerum
865 2776 1025 2859 scriptores
1043 2797 1133 2857 quum
1149 2777 1182 2838 in
1198 2799 1260 2838 uno

172 2887 328 2968 alteroque
362 2886 446 2949 dicto
477 2886 693 2969 Aristophanis
731 2885 819 2968 (Rau.
850 2888 952 2960 1505,
989 2887 1073 2949 1078
1105 2885 1143 2948 cf.
1168 2907 1261 2969 supra

173 3018 203 3078 p.
229 2997 282 3079 54)
301 2995 527 3078 superfuturum
549 2995 661 3071 fuisse,
687 2996 756 3078 quis
780 2994 838 3058 sibi
861 2995 1080 3078 persuaderet?
1126 2995 1261 3058 Attende

173 3104 265 3166 etiam
299 3103 367 3166 illas
401 3102 591 3181 tragoedias:
626 3103 848 3179 ἐπιβαλλόντων
882 3103 912 3164 δὲ
948 3109 1004 3167 πων
1029 3103 1178 3182 αρχθντων
1201 3107 1262 3168 ἐπι-

172 3211 267 3288 βολὰς
300 3211 350 3273 καὶ
384 3212 557 3288 εἱςαγθντων
590 3213 630 3282 εἷς
665 3212 697 3274 τὸ
738 3213 914 3289 δικαστήριον
945 3215 996 3276 οὐκ
1027 3211 1146 3287 ἠθέλησε
1168 3235 1263 3291 παρα-

173 3321 267 3384 δοῦναι
308 3319 374 3390 τοὺς
416 3319 532 3393 νθμονς·
574 3319 672 3383 οὶλλθι
718 3320 885 3400 πρότερον
922 3323 939 3394 ἡ
974 3320 1076 3391 πόλις
1111 3323 1159 3391 εἷς
1194 3320 1261 3390 τοὶς

173 3431 357 3507 μεγίστας
391 3428 581 3509 συμφορὰς
612 3429 789 3511 κατέατο,
821 3432 885 3508 πρὶν
916 3436 1016 3494 τοῦτον
1045 3432 1262 3505 ἀπαλλαγῆναι

173 3547 226 3613 τῆς
264 3538 360 3616 αρχῆς
398 3536 447 3600 καὶ
482 3543 538 3601 τῶν
573 3538 788 3615 πεπραγμένων
822 3539 941 3608 εὐθύνας
980 3540 1139 3616 ὑποσχεῖν,
1185 3558 1263 3618 quae

176 3648 219 3710 sic
248 3646 411 3723 dicuntur,
447 3647 534 3729 quasi
565 3669 645 3709 unus
677 3645 885 3710 Nicomachus
916 3647 1124 3710 calamitatum
1157 3651 1264 3707 auctor

176 3757 290 3831 fuerit,
330 3777 409 3839 quae
447 3762 549 3819 tamen
570 3740 661 3820 'casu
701 3764 823 3820 tantum
858 3756 889 3819 in
919 3756 1002 3819 idem
1034 3763 1157 3839 tempus
1190 3754 1265 3817 inci-

177 3865 264 3928 dunt.
311 3864 389 3926 Tum
428 3864 577 3928 invidiose
615 3865 747 3941 δημόσιος
783 3865 897 3928 dicitur
932 3864 969 3927 ab
1004 3864 1109 3927 eodem
1145 3869 1264 3926 oratore

178 3975 231 4057 qui
262 3975 353 4057 paulo
385 3982 455 4036 ante
487 3997 555 4036 eum
580 3973 698 4037 dixerat
727 3976 767 4045 εἰς
790 3976 856 4044 τοὺς
882 3973 1031 4053 Φρατερας
1056 3975 1264 4055 ἐγγραφῆναι,

176 4085 208 4147 id
241 4092 286 4146 est
313 4083 429 4166 optimo
464 4084 529 4146 iure
564 4084 658 4147 civem
694 4106 767 4147 esse.
814 4082 971 4146 Nimirum
1005 4089 1091 4164 pater
1124 4081 1266 4145 Nicoma·

178 4193 228 4255 chi
259 4215 362 4255 servus
393 4199 458 4255 erat
488 4192 645 4276 publicus,
670 4195 723 4275 qui
746 4193 869 4256 civitate
892 4192 1023 4255 donatus
1046 4191 1222 4275 impetravit
1246 4212 1263 4250 n

179 4302 293 4385 populo
327 4309 361 4364 ut
396 4302 501 4365 liceret
535 4303 633 4364 filium
670 4303 824 4385 phratriae
856 4302 970 4366 tabulis
1002 4302 1150 4378 inserere,
1182 4298 1264 4384 quod
