2850 5024
680 343 743 402 198

161 544 371 620 ἐξαιτήσονται.
418 538 548 600 Nullam
577 536 787 599 difficultatem
819 536 944 600 haberet
972 537 1148 600 infinitivus
1173 560 1261 622 epex-

160 653 296 736 egeticus
322 649 440 733 positus
465 656 534 731 post
557 645 631 726 ίίπερ
655 649 703 728 (ox
719 647 843 721 multis,
861 648 887 709 si
903 648 981 709 tanti
1005 654 1069 724 est,
1095 648 1134 710 cf.
1161 648 1259 710 Thuc.

162 763 187 825 l.
215 762 319 841 tto),
351 757 411 819 uisi
444 755 598 818 accederet
628 755 752 832 αὐτούς,
782 756 865 838 quod
889 779 950 840 quo
974 757 1007 819 iu
1030 757 1169 840 generali
1193 779 1260 820 seu·

161 870 257 933 tentia
293 867 457 941 referatur,
489 885 552 927 uon
582 871 724 948 apparet;
756 864 782 926 si
811 867 876 936 τοὺς
908 867 1077 946 φεύγοντας
1109 874 1166 929 aut
1194 866 1260 937 τοὺς

159 980 273 1048 οἰκείους
303 975 472 1059 legeretur,
504 995 593 1036 nemo
618 974 764 1037 haereret.
812 973 872 1037 Sed
901 975 997 1038 lenior
1020 982 1067 1037 est
1090 974 1260 1052 medicina3

160 1086 324 1171 legendum
355 1083 435 1153 τοὺς
470 1083 618 1153 αἰτίους.
650 1119 696 1130 -
726 1081 805 1146 Sect.
845 1087 883 1147 13
921 1106 976 1168 pro
1015 1086 1187 1158 αἰτὴσονταο
1222 1084 1263 1148 le-

158 1196 292 1280 gendum
316 1199 392 1276 puto
416 1189 628 1267 ἐξαιτήσονται.
676 1189 742 1254 Νοο
765 1201 868 1256 movet
890 1216 939 1257 me
962 1192 1172 1257 Nicomachea
1199 1197 1216 1279 b
1241 1197 1259 1256 3

162 1307 229 1370 οὔτε
252 1312 307 1369 τῶν
330 1297 523 1375 αἰτησομένων
546 1300 645 1370 οὐδείς.
692 1299 864 1383 Utrobique
886 1301 918 1376 ἐξ
945 1302 1103 1367 omissum.
1147 1302 1204 1379 Ἐξ
1233 1310 1263 1366 et

162 1414 187 1477 δν
216 1436 269 1498 per
300 1408 515 1493 compendium
543 1408 657 1492 scripta
690 1410 734 1472 ita
756 1417 830 1472 suut
853 1410 965 1473 similia
987 1419 1024 1473 ut
1046 1411 1098 1474 vix
1121 1411 1264 1494 dignosci

166 1523 302 1606 possiut3
334 1521 393 1582 hoo
424 1519 448 1582 ar
479 1517 590 1581 deiude
623 1518 770 1581 omissum
806 1525 852 1581 est
887 1519 969 1602 quod
1005 1540 1068 1582 nou
1105 1520 1264 1604 intellege·

166 1632 265 1695 batur.

208 1742 224 1822 b
250 1742 300 1801 14.
347 1738 524 1813 Praeterea,
549 1736 669 1820 inquit,
694 1737 851 1820 probabile
875 1746 922 1800 est
945 1739 1068 1803 eosdem
1092 1738 1187 1801 etiam
1215 1761 1262 1801 ac-

165 1856 319 1912 curatores
339 1854 516 1909 exoraturos
536 1867 600 1908 esse
620 1845 800 1928 (δεὴσεσθαο).
837 1846 934 1909 Paulo
957 1855 1028 1932 post
1050 1849 1067 1931 b
1093 1849 1151 1909 15:
1177 1851 1261 1922 ἡμεῖς

165 1959 219 2034 μὲν
248 1958 339 2020 τοίνυν
369 1958 419 2018 οὐκ
449 1955 679 2028 ἡθελὴσαμεν
714 1955 861 2031 προδοῦναι
892 1977 997 2018 rursus
1028 1955 1067 2018 de
1097 1955 1203 2019 eadem
1232 1978 1265 2018 re

167 2076 314 2150 tanquam
346 2065 509 2149 praeterita
540 2084 637 2125 sermo
669 2069 732 2139 est,
764 2062 817 2126 ubi
840 2064 918 2126 ratio
942 2064 1128 2147 postularet:
1153 2067 1206 2129 οὐκ
1228 2066 1265 2129 ίον

167 2177 367 2251 ε’θελὴσαομεν.
413 2171 471 2235 Sed
504 2171 609 2235 eadem
638 2172 701 2235 iere
731 2172 765 2235 in
795 2171 1003 2236 Nicomaohea
1031 2176 1130 2258 §352
1157 2179 1266 2251 ἡμεῖς

166 2287 230 2362 μὲν
261 2284 379 2348 τοίνυν
409 2285 471 2346 οὐκ
501 2284 728 2358 ἡθελὴσοομεν
759 2281 814 2346 ὑπὸ
837 2285 944 2347 τούτων
964 2283 1124 2360 οίξοούροενοο
1148 2287 1267 2357 πεοσθὴ-

166 2419 230 2476 ναν,
255 2393 309 2456 ubi
332 2391 495 2475 praecessit
517 2393 534 2474 b
557 2394 617 2454 34:
642 2391 743 2455 πολλοὶ
759 2391 902 2465 δεηθέντες
921 2398 977 2456 τῶν
993 2392 1162 2472 κατηγόρων
1181 2396 1266 2471 ἡμοίς

166 2505 220 2582 μὲν
248 2504 380 2579 οὐδαμῶς
411 2501 571 2565 ἔπεισαν.
619 2501 703 2565 Hace
726 2502 841 2585 igitur,
865 2503 910 2566 ibi
933 2510 1022 2587 apta,
1046 2504 1080 2566 in
1103 2503 1267 2587 Epicratea

167 2615 267 2677 alieno
291 2613 358 2675 loco
381 2613 496 2675 inserta
519 2618 601 2674 sunt.

211 2726 228 2808 b
253 2725 303 2786 15.
350 2726 435 2800 ἡμεῖς
460 2723 515 2798 μὲν
540 2723 632 2785 τοίνυν
654 2725 705 2785 οὐκ
728 2723 910 2798 ἡθελὴσοομεν
933 2721 1099 2801 προδοῦναι,
1124 2720 1264 2798 οἰξοοῦμεν

168 2833 197 2896 δὲ
219 2832 288 2908 μηδ’
313 2831 409 2908 ὑμᾶς,
435 2829 672 2907 ἐνθυμουμένους,
697 2827 740 2894 ὅτι
760 2830 861 2911 σφοθρ
885 2829 921 2894 οἰν
946 2834 1014 2907 ἡμίν
1037 2830 1190 2910 ὠργίζεσθε
1215 2831 1264 2895 καί

168 2939 362 3020 ἐτιμωρεῖσθε,
388 2935 471 3002 ίπου
495 2938 789 3020 παρεπίπτομεν,
816 2941 859 3009 ὡς
885 2939 981 3011 εἰκὸς
1004 2940 1086 3009 τοὺς
1108 2940 1269 3004 οἰδοκοῦν·

170 3072 254 3122 τοις,
286 3048 309 3111 εἰ
334 3050 418 3123 ἡμεῖς
445 3046 528 3125 ποοροί
554 3045 697 3119 τούτωνὴ
721 3046 870 3124 χρήματα
891 3047 1036 3123 λαβόντες
1062 3048 1079 3121 ἡ
1102 3045 1187 3126 ἄλλῳ
1211 3049 1266 3112 τονί

171 3159 265 3237 τρόπῳ
303 3137 516 3232 διηλλοίνημεν.
564 3155 768 3218 Marklandus
807 3157 1006 3234 παραπίπτεον
1044 3156 1269 3240 interpretatur

167 3273 276 3351 portes
300 3272 434 3340 οονοοίονσ;
462 3264 571 3327 melius
599 3265 707 3348 utique
730 3264 889 3328 Reislrius:
914 3271 946 3329 ίοο
968 3287 1074 3330 manua
1097 3271 1266 3330 incurrere.

170 3374 231 3437 Sed
253 3395 353 3455 neque
377 3371 445 3436 ὅπου
469 3381 550 3436 recte
574 3396 606 3436 se
630 3374 740 3437 habere
763 3380 879 3458 potest,
906 3396 1006 3457 neque
1028 3374 1148 3437 fortuiti
1172 3375 1267 3458 signi-

170 3485 288 3560 ficatio,
322 3504 400 3565 quae
430 3483 510 3545 inest
540 3483 573 3544 in
605 3482 695 3546 verbo
727 3484 944 3563 repatriarem,
970 3490 1041 3567 apta
1063 3490 1124 3560 est,
1155 3506 1193 3546 ne
1222 3485 1269 3547 di·

172 3618 237 3659 cam
259 3594 406 3678 languida
433 3592 598 3655 admodum
630 3615 695 3656 esse
723 3616 802 3676 quae
833 3600 1018 3676 sequuntur:
1042 3595 1079 3663 ὡς
1103 3593 1175 3664 εἰκὸς
1198 3595 1266 3664 τοὺς

172 3708 353 3775 οἰδοκοῦντας.
400 3702 530 3786 Scripsit
552 3703 679 3764 fortasse
699 3699 774 3774 ίπυς
796 3704 1021 3782 περοεπίπτομεν
1044 3697 1084 3773 οἷς
1103 3702 1176 3773 εἰκὸς
1199 3705 1267 3775 τοὺς

172 3817 364 3890 ἀδικοῦντας,
389 3814 496 3896 utique
520 3813 592 3876 satis
616 3812 751 3876 verbose.

215 3927 232 4009 b
257 3927 307 3986 16.
353 3923 405 3986 καί
431 3924 492 4005 μὴ,
526 3921 620 4003 ίίσπερ
651 3926 680 3986 ἐν
710 3925 750 4002 τῷ
782 3922 852 3991 τέως
881 3920 974 4001 χρόνῳ
1005 3921 1150 3997 εἰθισμένον
1181 3921 1266 3996 ἐστέ,

172 4034 288 4096 ἐπεοδοίν
310 4031 592 4111 καταψηφισάμενον
615 4029 792 4107 ἐξελέγξητε
811 4032 876 4102 τοὺς
900 4030 1087 4104 οἰθνκοῦντοις,
1115 4031 1144 4092 ἑν
1162 4032 1202 4108 τῷ
1223 4055 1266 4093 το·

171 4143 289 4218 μὴμοοτο
320 4140 457 4220 οἰζημίους
487 4141 604 4222 οἰφίετε.
652 4139 725 4203 Non
756 4141 829 4203 satis
853 4161 998 4222 assequor
1023 4139 1099 4223 quid
1124 4138 1267 4201 Dobreus

173 4251 230 4313 hac
253 4251 450 4314 annotatione
473 4249 621 4312 voluerit:
645 4255 717 4326 ,,καί
742 4251 783 4326 μὴ
806 4249 899 4329 ίίσπερ
919 4288 964 4298 -
988 4251 1037 4313 είθ.
1062 4251 1127 4313 ἐστὲ
1146 4248 1268 4328 ἀφίετε·
