2850 5024
687 374 728 436 33

118 621 121 627 -
162 600 249 655 rum,
281 578 341 642 hoo
368 580 482 643 factum
514 601 577 642 esse
609 576 645 640 ab
674 576 728 653 iis,
753 597 830 659 quos
854 597 957 639 secum
981 575 1044 658 ipse
1069 570 1230 637 adduxerit
1239 598 1247 650 ;

162 696 304 772 poteraut
338 690 370 754 hi
404 690 553 754 abducere
588 710 657 751 eum
694 695 724 751 et
759 685 910 749 retrahere
940 708 1059 762 secum,
1092 686 1116 747 si
1148 684 1250 748 ebrius

162 800 254 863 nimis
288 803 392 886 turpia
425 802 613 886 designaret,
650 821 713 862 uon
747 799 835 882 quasi
871 797 976 860 hostili
1007 798 1107 860 animo
1140 795 1250 880 pellere

162 934 180 974 e
203 911 294 975 domo
318 910 478 995 (ἐξήλασαν
501 911 584 995 βίᾳ),
616 911 648 973 in
672 931 764 993 quam
786 908 846 993 ipsi
870 929 992 993 quoque
1015 908 1044 970 vi
1067 908 1249 993 irruperant.

162 1021 282 1086 Fecisse
313 1024 370 1087 hoe
402 1022 565 1087 credideris
589 1028 708 1107 praeter
731 1021 830 1105 ipsum
855 1019 1011 1082 bominem
1039 1019 1170 1095 vicinos,
1196 1018 1250 1103 qui

160 1133 299 1197 tumultu
323 1144 473 1199 nocturno
497 1134 618 1198 excitati
643 1143 711 1218 post
736 1131 890 1195 Simonem
919 1131 1043 1195 domum
1072 1131 1251 1195 intraverint

162 1247 204 1329 (ol
224 1250 299 1323 μετ’
316 1249 424 1312 αὐτὸν
444 1245 693 1330 εἰςελθόντες);
711 1244 763 1308 sed
781 1245 836 1308 hos
851 1244 1030 1328 simpliciter
1048 1267 1101 1329 per
1120 1243 1210 1306 verba
1226 1244 1250 1306 οἱ

161 1357 393 1445 παραγενόμενον
416 1358 604 1443 significatos
629 1357 740 1434 fnisse,
758 1355 877 1439 reliqua
892 1363 994 1419 autem
1009 1355 1119 1418 falsum
1136 1354 1252 1419 librarii

161 1466 408 1533 additamentum
435 1471 506 1533 'esse
540 1467 730 1553 probabilius
768 1466 857 1530 duco.
904 1465 1026 1529 Scilicet
1060 1466 1252 1549 importunus

163 1577 313 1661 interpres
336 1599 399 1641 nun
423 1578 619 1663 intellegebat
642 1579 700 1642 hoc
724 1577 792 1641 loco
817 1585 846 1641 et
869 1580 886 1663 S
911 1581 950 1640 18
975 1578 999 1641 ol
1023 1578 1251 1656 πνρνγενόμεννν

162 1709 227 1751 non
259 1710 322 1751 esse
354 1690 480 1753 comites
507 1688 656 1766 Simonis3
681 1689 734 1752 sed
759 1689 814 1753 hos
838 1689 1002 1773 significari
1026 1695 1111 1751 ratus
1135 1689 1253 1752 addidit

123 1880 128 1888 Ι
162 1799 220 1862 illa
243 1801 291 1864 καὶ
315 1804 383 1878 μετ’
406 1805 495 1868 αὑτοῦ
519 1802 657 1872 ἐλθόντες.
682 1812 685 1818 “

208 1913 226 1995 p
250 1913 279 1974 8.
326 1913 425 1977 Domo
458 1921 562 1977 evocat
594 1913 783 1976 defensorem
812 1910 912 1988 Simo,
938 1935 1068 1996 eumque
1092 1912 1194 1976 statim
1220 1915 1253 1975 nt

163 2021 282 2107 prodiit
307 2025 451 2089 verberat.
487 2025 604 2108 Ἐπειδὴ
618 2025 643 2089 δ’
657 2024 929 2107 adsentatorum)
942 2025 1095 2101 ἠμυνάμην
1107 2025 1251 2099 ἐνστάς,

163 2132 282 2210 ἔβαλλέ
304 2159 344 2211 με
364 2136 458 2206 λίθοις.
506 2134 581 2198 Post
603 2134 779 2211 Reiskium,
803 2134 854 2218 qui
872 2133 994 2218 Taylori
1012 2135 1253 2198 emendationem

163 2245 339 2327 ἠμυνάμην,
363 2246 472 2317 lucrata
495 2246 666 2331 improbat,
692 2246 909 2329 acquieverunt
933 2245 1063 2309 editores
1083 2246 1254 2330 invulgata

163 2353 307 2419 lectione.
356 2357 384 2419 A
415 2356 545 2441 Tayloro
577 2357 642 2420 iure
675 2356 817 2430 dissentit
847 2355 1005 2434 Reiskius,
1038 2356 1090 2420 sed
1114 2357 1255 2441 vulgatae

163 2465 320 2544 defensio,
356 2489 448 2551 quam
480 2469 545 2553 ipse
569 2469 714 2552 suscipit,
740 2469 805 2531 sine
829 2469 1035 2531 controversia
1059 2468 1258 2553 improbanda

163 2586 224 2641 est.
272 2579 475 2662 Distinguens
510 2580 592 2643 enim
624 2589 694 2643 ante
718 2578 822 2651 ἐνστνὶς
847 2580 891 2642 ita
915 2580 1149 2663 interpretatur:
1173 2602 1258 2656 „non

162 2689 279 2767 „satis,
310 2691 430 2775 inquit,
464 2691 598 2756 habebat
628 2690 710 2754 Simo
746 2714 794 2754 me
817 2692 929 2775 pugnis
953 2691 1118 2755 verberare.
1154 2690 1256 2753 Etiam

162 2800 310 2880 ,,ἕνσννὲς,
342 2825 453 2886 urgens
484 2827 532 2868 me
564 2811 656 2888 atque
685 2804 855 2887 lugientem
880 2825 1080 2887 persequens,
1106 2804 1185 2865 saxis
1208 2825 1257 2866 me

162 2912 343 2996 „petebat”
368 2913 448 2978 'Sed
472 2915 530 2978 ista
544 2919 711 2999 sapientem
728 2938 912 2999 persequens
933 2915 1021 2999 plane
1041 2915 1141 2977 aloco
1158 2915 1257 2978 aliena

163 3031 259 3102 sunt,
282 3024 314 3087 in
338 3048 399 3109 quo
423 3004 534 3091 diserte
557 3027 584 3089 is
609 3028 662 3111 qui
686 3049 808 3090 causam
832 3049 915 3090 nune
939 3026 1031 3101 dicit,
1056 3025 1208 3090 Simonem
1225 3051 1256 3091 se

163 3155 182 3196 a
208 3154 331 3217 corpore
355 3157 410 3197 suo
434 3137 566 3201 arcuisse
591 3137 665 3201 dicit
688 3138 900 3220 (ἀμύνασθνν);
925 3137 950 3200 is
975 3137 1028 3221 qui
1052 3145 1172 3200 arcetur
1195 3161 1257 3202 non

75 3281 79 3287 ·
163 3244 350 3326 insequitur.
394 3245 487 3327 Quod
519 3249 651 3312 sentiens
675 3248 818 3312 Reiskius
843 3256 968 3333 „potest
990 3248 1113 3349 ἐνσπνές,
1138 3249 1267 3332 inquit,-

163 3355 281 3432 ‚,etiam
314 3356 351 3419 ad
382 3380 466 3422 reum
498 3361 603 3423 referri
636 3359 803 3444 [ἠμυνάμην
828 3360 968 3444 tustolfi,
993 3368 1028 3424 ut
1051 3360 1125 3423 haec
1149 3361 1258 3424 existat

163 3466 355 3544 „sententiaz
387 3469 505 3552 „„quia
536 3493 606 3534 vero
638 3493 694 3554 ego
725 3493 795 3534 eum
827 3470 1010 3556 repellebam
1038 3479 1068 3533 et
1091 3471 1258 3535 ulciscebar

164 3578 331 3656 ‚„,instans
363 3589 391 3642 et
423 3603 534 3665 urgens
566 3581 758 3659 verberibus,
792 3582 884 3667 petiit
914 3605 962 3645 me
986 3581 1117 3645 saxis.’”’
1162 3581 1256 3645 Vides

165 3688 341 3765 hominem,
367 3689 421 3773 qui
444 3672 550 3774 aspect
572 3691 747 3755 verberibus
771 3700 801 3756 et
826 3716 841 3756 e
862 3693 989 3776 vestigio
1005 3694 1200 3777 insequatur,
1219 3694 1256 3757 ab

165 3799 277 3864 eodem
305 3822 394 3884 quem
421 3810 527 3886 torpeat
549 3803 628 3866 saxis
651 3804 801 3888 petitum,
826 3804 907 3888 qnod
933 3803 1109 3868 absurdum.
1146 3804 1257 3868 Verius

165 3910 314 3974 Beiskius
332 3912 544 3978 animadvertit
559 3915 683 3999 Taylori
699 3916 905 3979 coniecturam
921 3925 1080 4002 propterea
1096 3940 1158 3980 non
1171 3940 1258 4003 posse

165 4023 310 4108 probari,
343 4023 425 4107 qnod
449 4026 584 4100 ἐκννῆνννν
608 4026 691 4112 apud
715 4028 835 4090 Atticos
860 4028 981 4112 propria
1006 4028 1121 4111 (locali)
1147 4029 1259 4112 signifi-

166 4134 292 4198 catione
315 4144 495 4217 usurpatum
520 4159 581 4199 non
605 4137 700 4222 possit
725 4137 864 4202 absolute
889 4118 979 4224 poni3
997 4139 1069 4202 addi
1085 4141 1165 4203 enim
1183 4140 1260 4203 solet

167 4243 326 4330 genitivus
349 4253 401 4320 τῆς
424 4246 502 4319 ὁδοῦ,
526 4249 559 4310 ἐκ
581 4253 632 4312 τοῦ
655 4255 763 4331 μέσον,
788 4251 856 4313 alia.
891 4249 957 4314 Nec
978 4259 1048 4314 utor
1063 4251 1170 4336 Eurip.
1189 4250 1257 4335 Iph.

166 4355 265 4419 Taur.
295 4357 396 4419 1198:
420 4358 547 4438 Φεύνετ)
555 4408 563 4441 ,
588 4358 741 4436 ἐξίστασθε
747 4411 758 4445 ,
782 4364 824 4440 μή
847 4387 887 4443 τῳ
910 4363 1057 4444 προσπέσῃ
1073 4364 1163 4442 adore
1175 4363 1258 4435 τόδε,

1092 4507 1098 4516 ·
1120 4479 1140 4535 3
