2850 5024
717 368 758 432 55

187 565 236 631 dit
258 565 419 633 Scheibius
442 590 498 652 pro
522 566 904 647 111111111Ρ11.ιὶλν1’ὑμι“ν
921 576 952 633 11
966 570 1160 642 οὶκούτοιντοις.
1186 570 1280 636 Recte

186 677 341 763 Sauppius
371 680 480 747 statuit
511 702 624 744 novum
652 681 767 744 crimen
790 681 823 745 in
847 703 877 745 11
901 704 984 745 nuno
1006 681 1139 766 primum
1162 683 1280 746 coniec-

172 797 254 861 tum
284 813 350 855 esse
378 812 463 864 reum
487 792 641 875 conqueri.
689 790 749 855 Sed
772 792 856 875 quod
879 815 956 858 nunc
974 798 1110 878 primum
1133 792 1278 858 audiebat

185 901 300 965 crimen
323 901 425 972 omitti
448 924 509 967 nou
534 902 651 967 debuit.
699 903 778 967 Tum
801 905 893 968 etiam
917 903 997 968 illud
1012 902 1071 981 ἥκει
1088 926 1198 968 sanum
1213 926 1276 968 nou

184 1010 323 1090 videtur,
347 1035 417 1079 cum
442 1035 503 1098 quo
527 1013 611 1079 aliud
634 1015 830 1100 participium
850 1015 1009 1091 iunctum,
1026 1022 1080 1081 aut
1095 1022 1176 1080 certe
1192 1014 1276 1079 aliud

184 1129 306 1208 tempus
338 1124 491 1210 participii
522 1133 678 1211 expectes,
711 1125 808 1191 veluti
835 1128 1060 1210 μεμελετηκώς,
1093 1151 1276 1206 vaporarunt-

180 1233 304 1318 σμένος,
339 1236 603 1313 ἀπολογησόμενος.
651 1235 752 1303 boam
786 1236 867 1303 lacer
900 1246 963 1315 est,
996 1245 1027 1302 et
1049 1261 1085 1303 ea
1108 1238 1273 1316 sententia,

180 1368 276 1428 quam
306 1368 375 1410 vere
406 1346 554 1411 divinavit
584 1347 756 1433 Sauppius,
790 1371 826 1412 ex
848 1349 947 1413 verbis
971 1349 1050 1414 male
1073 1348 1189 1413 habitis
1211 1371 1274 1413 non

179 1457 262 1523 clare
287 1457 430 1543 pellucet.
463 1457 641 1543 Amplector
660 1458 743 1542 quod
766 1482 870 1544 margo
894 1458 1043 1544 Stephani
1066 1459 1175 1525 habet:
1201 1460 1274 1539 „dc-

178 1575 230 1633 est
263 1569 405 1654 (aliquid)
436 1576 506 1654 poet
537 1568 596 1645 ἥκει
628 1577 659 1639 et
690 1593 794 1639 rursus
825 1579 895 1655 post
926 1570 1105 1651 arpayacum
1114 1568 1154 1649 ;'’¹
1168 1595 1272 1657 quam-

178 1704 274 1767 quam
305 1704 365 1765 qua
394 1682 577 1746 auctoritate
611 1681 691 1745 illud
723 1682 833 1746 referat
863 1682 984 1759 nesci0,
1015 1704 1088 1745 nam
1110 1681 1271 1747 Palatinus

175 1793 266 1859 nulla
300 1793 437 1860 1111111111
468 1793 583 1865 indicia
606 1793 716 1863 habere
740 1794 871 1865 videtur.
917 1793 956 1857 In
986 1793 1057 1858 loco
1084 1803 1185 1858 tamen
1210 1802 1272 1858 tur-

176 1905 252 1971 bato
291 1904 408 1990 aliquid
444 1905 611 1990 periclitari
651 1904 843 1977 concedetur.
891 1903 1046 1969 Coniicio:
1087 1904 1136 1969 aul
1160 1905 1205 1970 δεῖ
1230 1931 1270 1983 με

173 2015 241 2097 περὶ
272 2011 308 2080 ὧν
339 2013 419 2088 οὗτος
450 2017 701 2094 ἐπιβεβουλευκὼς
736 2017 812 2090 εἰκῆ
847 2014 990 2091 terat),
1025 2012 1080 2093 aa
1112 2016 1179 2093 ὑμῖν
1209 2025 1269 2090 τοῖς

172 2125 413 2204 διαγνωσομένοις
448 2129 511 2206 περὶ
552 2134 603 2193 τοῖν
641 2128 821 2208 τροίγμοοτος
860 2133 918 2194 νῦν
956 2133 1090 2207 πρῶτον
1126 2127 1269 2192 ἀκούσιον-

171 2263 236 2313 τνο,
278 2239 342 2318 περὶ
379 2248 432 2314 τῆς
472 2240 608 2321 amplios
647 2240 696 2305 κιιὶ
736 2238 799 2319 περὶ
834 2249 886 2315 τῆς
920 2241 1019 2312 οὐσίτις
1057 2239 1267 2316 decalceatus.
1307 2296 1311 2306 .

172 2349 259 2415 Reus
289 2351 334 2417 ita
363 2373 394 2413 se
426 2350 590 2421 candidum
621 2359 652 2415 et
682 2352 875 2416 innocentem
904 2351 1011 2436 fingit,
1035 2361 1072 2414 ut
1095 2372 1157 2435 quo
1181 2373 1269 2436 argu·

171 2467 279 2527 mento
302 2460 440 2539 crimen,
468 2461 551 2547 quod
573 2486 656 2527 nunc
679 2463 834 2545 obiectum
856 2462 916 2547 ipsi
940 2462 998 2539 sit,
1024 2462 1174 2527 niteretur
1197 2470 1267 2528 ante

170 2571 326 2642 indicium
348 2596 387 2638 ne
410 2575 585 2643 coniectura
607 2574 733 2659 quidem
749 2575 870 2661 assequi
885 2575 1029 2660 potuerit.
1066 2573 1128 2653 „Et
1144 2582 1267 2658 oportet

168 2706 223 2751 me
254 2683 291 2748 de
321 2685 377 2763 iis,
410 2708 486 2770 queo
513 2686 565 2749 hic
587 2687 665 2751 mibi
687 2685 851 2751 insidiatus
875 2692 988 2751 temere
1011 2684 1176 2764 confinxit,
1202 2709 1265 2750 una

170 2794 348 2874 vobiscum,
373 2796 427 2881 qui
450 2819 572 2865 causam
595 2797 794 2882 disceptaturi
817 2797 909 2874 11111,-
931 2818 1015 2863 nuuc
1030 2796 1164 2880 primum
1180 2795 1266 2866 edoc-

168 2918 258 2986 eam,
290 2915 321 2976 et
352 2909 391 2972 de
421 2911 521 2994 patria
551 2916 581 2975 et
611 2909 648 2973 de
678 2909 768 2975 bonis
792 2907 1006 2975 contendere.’'
1042 2907 1211 2982 11111111κῆ
1235 2916 1266 2972 11

166 3016 228 3097 ἅμ’
250 3021 353 3104 potuit
376 3019 513 3085 excidere
535 3018 661 3098 tuaac,
686 3020 774 3085 cuius
796 3018 939 3083 vocabuli
961 3017 1082 3082 litterae
1104 3041 1167 3083 non
1183 3042 1265 3104 mag-

166 3152 284 3215 nopere
307 3129 453 3202 differunt
476 3154 493 3194 1
516 3130 677 3216 postremis
701 3130 865 3215 superioris
889 3136 920 3193 et
942 3129 1049 3213 primis
1072 3128 1263 3213 insequentis

165 3227 312 3310 vocabuli
337 3245 477 3327 (GHAM,
501 3246 667 3328 EHAAC);
692 3249 761 3307 ante
783 3242 955 3317 ιὶιφούσιιντιι
977 3247 1051 3305 nota
1074 3263 1135 3326 qua
1154 3245 1262 3320 πρῶτον

167 3354 378 3440 significatur,
402 3353 550 3438 excidisse
572 3353 703 3427 videtur.

216 3467 235 3550 1
258 3469 287 3534 e.
323 3467 364 3533 111
386 3465 411 3530 δ’
429 3467 522 3544 ἐγγὺς
547 3467 602 3532 aaa
624 3472 679 3531 τῶν
701 3466 797 3547 φίλων
819 3464 999 3546 διηρπάζετο.
1031 3464 1078 3528 Β1
1097 3472 1263 3548 repraeter

167 3600 206 3640 ea
237 3599 315 3662 quae
344 3577 381 3641 ab
413 3577 631 3662 interpretibus
662 3577 756 3640 allata
786 3584 860 3640 sunt
891 3577 929 3639 ef.
962 3578 1011 3638 le.
1037 3577 1097 3638 33:
1129 3574 1178 3638 aul
1202 3576 1262 3654 γοὶρ

166 3689 250 3766 ὑμεῖς
269 3689 436 3769 Φεύγονταις
457 3690 552 3763 Φυλὴν
571 3688 759 3766 ammedera
778 3689 827 3753 aul
847 3688 967 3769 δένδροι
985 3693 1108 3765 τεμεῖν
1127 3688 1176 3751 aul
1193 3687 1261 3767 πρὸς

163 3799 209 3867 τοὶ
240 3799 328 3884 τείχη
359 3801 552 3880 τροςβοιλεῖν,
586 3807 618 3863 11
647 3799 741 3869 Isocr.
770 3802 821 3864 16.
847 3801 898 3863 13.
922 3837 968 3847 -
997 3800 1134 3883 Apparet
1157 3804 1260 3861 autem

163 3909 341 3976 liberiorem
372 3912 402 3975 h.
430 3911 451 3975 l.
484 3934 548 3975 esse
575 3912 850 3988 constructionem
880 3932 951 3974 nam
974 3918 1044 3994 post
1068 3908 1116 3972 κειὶ
1140 3909 1258 3974 ἄλλων

163 4027 283 4091 πολλῶν
312 4027 407 4093 caude
438 4020 526 4094 οιῖτιος
549 4021 708 4100 γεγένηται
731 4022 818 4104 sequi
841 4019 972 4085 debebat
993 4019 1043 4083 aul
1066 4025 1116 4084 τοῦ
1140 4021 1181 4110 τοὶ
1204 4022 1258 4097 μὲν

163 4133 256 4214 πόῤῥω
272 4134 326 4200 ὑπὸ
343 4144 382 4200 Λ.
399 4134 554 4210 τέμνεσθαι
570 4159 596 4199 κ.
611 4158 639 4199 τ.
653 4134 675 4199 ἑ.
682 4159 691 4211 ;
709 4133 742 4196 in
762 4155 823 4217 quo
840 4139 941 4195 tamen
956 4130 1049 4197 nulle·
1059 4138 1104 4194 est
1120 4131 1256 4197 offensio.

163 4243 228 4313 Sed
252 4244 334 4328 quod
357 4245 414 4309 sub
437 4246 529 4310 finem
553 4267 636 4309 nunc
658 4245 718 4308 fere
742 4244 856 4328 legitur
877 4240 1027 4321 ἄτροικτον
1051 4265 1106 4328 pro
1125 4244 1257 4310 lectione

162 4355 300 4430 Palatini
322 4356 471 4438 alaparum
495 4363 549 4421 aut
571 4353 701 4437 ι’ἑνιροοτον
728 4378 790 4421 uon
813 4363 890 4441 puto
913 4355 951 4419 de
974 4377 1047 4440 agro
1071 4354 1132 4420 dici
1148 4379 1254 4442 posse,-
