2850 5024
678 362 737 422 129

160 565 178 626 ὁ
204 562 302 637 uaria
332 562 381 625 κοιὶ
412 561 435 623 οἱ
460 560 650 636 ,προςήκονπες
675 563 743 634 ἡμῖν
766 559 915 623 οὶπέθοινον.
964 558 1098 642 Requiro
1123 567 1192 620 ante
1217 554 1248 631 ἧς

165 673 421 757 praepositionem
456 673 542 749 ὑπέρ,
573 693 634 734 444
663 669 745 754 quod
776 670 890 753 ubique
922 679 993 733 ante
1017 669 1179 732 relativum
1212 669 1251 730 sit

165 784 347 868 repetenda,
372 784 425 848 sed
449 784 521 868 quia
544 784 581 847 iis
605 792 685 846 certe
710 782 784 847 loeis
809 784 862 847 ubi
887 782 1048 846 relativum
1073 803 1160 843 sunm
1190 801 1254 841 ver·

166 896 240 960 bum
263 894 355 958 habet
378 918 395 958 a
418 895 512 979 priori
535 895 688 958 diversum
712 917 767 958 nee
791 896 943 958 sententia
965 894 1092 957 relativa
1113 891 1252 956 attributi

168 1007 271 1070 locum
302 1015 385 1070 tenet
416 1006 523 1089 (veluti
555 1009 608 1090 44)
642 1006 745 1069 abesse
773 1028 835 1070 uon
859 1015 968 1092 potest.
1005 1005 1052 1070 Cf.
1074 1008 1126 1067 31.
1154 1005 1211 1065 18:
1231 998 1256 1065 oi

169 1124 218 1183 νῦν
248 1121 327 1195 αὐτῷ
358 1117 392 1180 δι’
423 1117 496 1182 αὐτὸ
523 1124 606 1181 τοῦτο
629 1120 686 1198 οὐχ
708 1112 758 1182 οἷοί
776 1121 807 1181 ’π’
828 1119 897 1182 εἰσὶν
920 1117 1081 1193 ἐπεξελθεῖν
1105 1113 1253 1207 domares,

169 1229 203 1294 δι’
234 1228 302 1309 ὅπερ
331 1230 378 1292 aa)
403 1231 469 1293 πόπε
493 1228 626 1292 οὶδύνοιποι
651 1239 686 1308 πῇ
711 1228 794 1292 πόλει
819 1228 929 1305 βοηθεῖν
958 1225 1040 1302 ἦοοιν.
1088 1225 1147 1289 Sed
1172 1206 1256 1308 4444-

171 1350 253 1403 terea
276 1341 367 1403 etiam
392 1340 535 1423 repetitio
560 1340 792 1423 praepositionis
817 1340 890 1402 satis
914 1339 1028 1401 usitata
1046 1349 1101 1401 est».
1135 1338 1257 1398 2215.

172 1455 199 1516 ἕν
230 1451 339 1522 τούτοις
369 1458 427 1520 τοῖς
457 1458 562 1530 κοιιροῖς
586 1451 818 1527 ἐπιβουλεύουσιν
843 1455 928 1527 ἡμῖν,
954 1452 981 1513 ἐν
1004 1445 1101 1526 οἷσπερ
1124 1451 1147 1514 οἱ
1172 1449 1257 1511 πολέ-

170 1588 237 1637 μιοι.
286 1565 335 1624 18.
362 1566 397 1623 5:
427 1563 455 1625 ἒν
482 1561 596 1642 τοιούτῳ
619 1566 704 1642 κοιιρῷ
727 1564 755 1626 ἐν
778 1557 808 1643 ᾧ.
845 1565 897 1625 26.
926 1564 982 1624 13;
1008 1563 1036 1623 ἐν
1059 1561 1171 1630 ἐκείνοις
1194 1567 1255 1630 τοῖς

170 1676 298 1754 χρόνοις,
330 1675 358 1736 ἑν
391 1668 429 1741 οἷς
460 1674 618 1749 ἀπήγοντο.
666 1672 811 1736 Similiter
846 1676 894 1735 13.
921 1676 980 1748 93,
1006 1671 1116 1735 Aesch.
1142 1674 1171 1734 3.
1197 1674 1256 1748 81,

171 1785 266 1849 Isoor.
297 1787 326 1846 6.
352 1787 411 1860 45,
444 1787 471 1848 7.
497 1788 549 1846 48.
597 1786 678 1847 Ante
709 1784 931 1869 appositionem
965 1783 1148 1867 praepositio
1177 1805 1260 1866 repe·

170 1897 230 1960 tita
261 1903 305 1959 est
336 1898 365 1958 3.
391 1898 450 1957 24ε
480 1894 542 1973 περὶ
567 1895 667 1959 τούτου
698 1897 796 1972 μόνον,
828 1896 889 1972 περὶ
913 1900 963 1959 ποῦ
987 1895 1134 1958 δεδωκέναι
1158 1896 1190 1958 πὸ
1212 1897 1260 1974 aip-

155 2008 278 2088 γόμον.
325 2007 585 2090 Praepositionem
626 2030 689 2070 esse
734 2007 928 2091 repetendam
968 2014 1038 2092 post
1073 2005 1261 2070 adversativa

173 2121 225 2184 κου’
248 2158 291 2166 -
314 2119 366 2182 κοιί
387 2142 441 2203 per
464 2142 496 2182 se
519 2119 724 2204 intellegitur5
744 2119 782 2182 41.
800 2141 892 2203 supra
910 2121 947 2181 11
966 2118 1022 2181 sub
1039 2119 1078 2196 f.,
1100 2141 1193 2202 quare
1208 2121 1260 2202 46

175 2230 238 2310 Arri,
263 2234 280 2314 4
306 2233 344 2292 13
369 2231 437 2310 πρός
461 2253 530 2294 eum
554 2230 670 2293 Cobeto
694 2242 764 2314 post
787 2232 837 2294 κου’
860 2230 1126 2315 interponendum.

221 2339 364 2404 Ceterum
386 2337 458 2403 οὕτω
482 2347 552 2402 4444
576 2339 810 2415 πολιτευομένους
835 2351 1010 2424 suspectum
1033 2341 1109 2403 mihi
1134 2349 1189 2403 est.

222 2451 294 2514 Non
316 2451 395 2514 mala
418 2459 463 2513 est
487 2451 601 2527 oratio,
623 2452 673 2514 vix
690 2460 791 2514 tamen
807 2450 900 2535 digna
916 2476 994 2536 quae
1011 2476 1028 2516 a
1044 2453 1181 2530 Dobreo‚
1199 2474 1261 2514 uer-

174 2565 285 2629 borum
307 2564 483 2646 ceteroquin
508 2572 569 2626 tam
593 2586 700 2648 pareo,
718 2564 838 2627 dicatur
853 2571 1168 2649 ‚praestantissimum
1183 2564 1262 2647 frag·

175 2675 368 2755 „mentum”
415 2674 487 2738 Non
519 2698 659 2758 magnam
691 2675 783 2738 44444
805 2677 990 2739 inventionis
1013 2699 1112 2761 neque
1136 2674 1263 2758 disposi-

129 2821 132 2827 ·
177 2788 270 2850 tionis
293 2787 432 2865 laudem;
458 2795 523 2849 tum
548 2787 638 2849 etiam
663 2787 768 2849 eadem
792 2788 943 2859 sententia
959 2789 1080 2871 saepius
1096 2787 1262 2871 repetitur,

179 2899 260 2982 quod
287 2899 365 2962 nihil
388 2899 561 2962 mirandum
586 2899 687 2961 estin
712 2898 849 2961 iudicum
874 2899 1064 2975 exoratione,
1096 2921 1155 2982 qua
1177 2897 1265 2960 absu-

178 3012 274 3074 mitur
303 3018 367 3073 4444
398 3011 494 3073 oratio
522 3011 570 3093 (ef.
595 3011 611 3094 4
637 3012 652 3071 1
678 3005 713 3073 ὧν
733 3010 915 3088 προοήκονπες
940 3019 969 3072 44
993 3032 1071 3093 4444
1095 3017 1266 3092 sequuntur

180 3145 251 3186 eum
283 3125 322 3183 21
356 3122 405 3184 xxi
428 3127 483 3185 πῶν
506 3121 647 3200 προγόνων
671 3126 725 3184 τῶν
749 3122 890 3199 ἡμεπέρων
915 3128 945 3184 44
968 3144 1038 3185 eum
1063 3124 1104 3183 24
1129 3127 1184 3184 τῶν
1207 3121 1266 3200 γὰρ

181 3234 372 3312 προςηκόνπων
410 3234 434 3296 οἱ
473 3232 526 3310 μὲν
556 3254 640 3315 sqq.;
679 3233 696 3315 4
728 3233 745 3293 8
778 3232 870 3296 καίτοι
901 3233 975 3302 τίνες
991 3246 1077 3295 'enm
1104 3234 1142 3293 12
1175 3231 1267 3295 salros

182 3347 267 3410 δεινόν
285 3348 365 3428 sqq.)
385 3367 455 3406 nam
476 3343 587 3406 similia
606 3344 637 3405 in
658 3342 835 3406 huiusmodi
855 3352 1034 3427 argumento
1053 3343 1135 3428 apud
1154 3350 1267 3406 veteres

183 3466 316 3552 oratores
346 3454 439 3538 vulgo
470 3453 687 3528 inveniuntur;
721 3476 773 3537 per
805 3475 836 3516 se
868 3462 971 3517 tamen
1002 3454 1061 3517 4414
1092 3454 1165 3537 quid
1190 3453 1268 3516 nihil

184 3567 325 3651 pulcrum
349 3564 441 3628 habet
465 3586 520 3626 nee
544 3563 627 3646 quod
650 3585 833 3647 magnopere
857 3563 1014 3627 admirere.
1050 3563 1156 3628 Potest
1172 3565 1269 3628 oratio

183 3678 260 3742 4444
284 3699 388 3762 graece
413 3675 524 3760 scripta
548 3681 578 3737 44
600 3674 801 3737 nihilominus
825 3675 927 3738 ieiuna
951 3697 1024 3738 esse.

249 3918 316 3962 XIX.
347 3924 493 3985 rnermN
507 3923 719 3960 ΑΡΙΣΤΟΦΑΝΟΤΣ
733 3923 893 3961 ΧΡΗΜΑΤΩΝ
907 3924 978 3960 ΠΡΟΣ
999 3925 1035 3960 ΤΟ
1056 3924 1213 3962 ΔΗΜΟΣΙΟΝ.

232 4121 467 4204 Aristophanae,
504 4118 584 4182 filius
618 4117 820 4201 Nicophemi,
857 4120 954 4202 capite
990 4118 1151 4185 damnatus
1190 4131 1271 4198 erat,

188 4236 314 4317 eiusque
338 4233 418 4296 bona
442 4230 605 4317 publicata.
653 4230 700 4293 Ex
723 4231 759 4292 iis
784 4253 879 4315 quum
902 4232 1003 4293 minus
1026 4232 1155 4310 rediret,
1181 4255 1273 4316 quam

188 4345 358 4431 possedisse
381 4343 566 4428 putabatur,
592 4364 676 4405 socer
693 4343 907 4426 Aristophanis
924 4343 956 4405 in
973 4344 1175 4428 suspitionem
1191 4346 1274 4408 venit

1135 4459 1154 4514 9
