2850 5024
685 338 726 400 31

162 536 200 602 ύιν
223 537 357 602 additur.
404 536 515 621 Itaque
539 543 671 620 utroque
693 535 761 600 loco
784 533 821 601 ύν
836 534 1077 612 restituendum,
1093 535 1110 620 b
1125 537 1167 599 38
1184 542 1254 620 post

161 656 322 730 σωφρονεῖν.
369 648 464 730 Quod
486 651 503 734 b
526 651 567 712 43
593 648 746 731 sequitur:
777 646 839 711 οὔτ’
862 649 886 712 εἰ
909 653 1009 712 τοῦτον
1037 646 1252 725 διεπριιξύμνν,

163 761 285 842 ἤλπιζον
307 763 455 842 χρήματος
477 761 641 839 albredae,
667 758 894 823 emendandum
917 755 1143 838 διμοιριιξούμνν.

570 1001 613 1042 111.
645 1007 716 1046 nroa
730 983 873 1046 arraona.¹

209 1213 258 1290 Is,
283 1213 333 1277 eui
355 1212 463 1298 Lysias
487 1212 566 1276 hanc
589 1213 756 1276 orationem
780 1213 919 1298 scripsit,
943 1212 1143 1276 insimulatur
1158 1212 1256 1277 Simo·

164 1347 236 1388 nem
268 1324 306 1387 ad
336 1324 433 1410 ipsius
464 1323 590 1387 domum
622 1346 691 1388 cum
723 1324 785 1387 telo
816 1332 961 1409 oppertus
989 1323 1068 1388 male
1091 1323 1251 1388 mulcassc.

165 1437 336 1500 Accusator
366 1440 412 1496 est
442 1431 525 1497 Simo
549 1434 632 1517 ipse,
657 1434 710 1518 qui
734 1443 867 1518 quatuor
896 1435 982 1499 annis
1006 1443 1075 1519 post
1099 1434 1137 1498 ad
1161 1436 1254 1499 Areo·

166 1569 281 1633 pagum
312 1567 376 1609 rem
407 1543 505 1607 defert
532 1550 563 1607 et
585 1565 671 1609 reum
704 1556 827 1611 accusat
856 1546 1023 1626 τραύματος
1052 1549 1085 1611 ἐκ
1108 1549 1253 1628 προνοίας,

166 1658 218 1722 cui
240 1655 388 1721 maleficio
412 1654 552 1718 exsilium
578 1677 647 1718 enm
670 1656 820 1722 bonorum
843 1657 1050 1741 publicatione
1067 1658 1254 1722 imminebat.

166 1768 315 1834 Defendit
344 1789 433 1848 reus,
464 1787 518 1829 nec
551 1789 585 1828 eo
608 1766 694 1844 loco,
720 1767 772 1832 ubi
796 1767 879 1831 Simo
903 1768 1116 1845 contenderet,
1142 1791 1257 1854 pugna·

165 1889 237 1944 tam
260 1901 340 1956 esse,
365 1899 421 1941 nec
445 1900 476 1940 se
500 1899 569 1941 cum
594 1878 654 1941 telo
679 1880 858 1956 accessisse,
883 1902 939 1944 nec
963 1880 1098 1943 vulneris
1123 1903 1255 1964 praeme-

167 1993 259 2056 ditati
284 1991 414 2066 crimen,
439 1989 558 2074 dequo
581 1991 630 2053 ius
654 1990 736 2055 dicat
760 1993 956 2076 Areopagus‚
982 2015 1045 2056 esse
1061 1991 1178 2067 ullum,
1196 1992 1256 2054 nisi

166 2104 332 2168 consilium
363 2103 460 2167 fuisse
484 2102 590 2165 mortis
621 2102 796 2167 inferendae
828 2111 978 2188 appareat.
1015 2103 1125 2188 Capita
1148 2125 1256 2166 causae

166 2215 366 2278 continentur
397 2211 583 2275 sectionibus
617 2215 765 2291 11-20,
796 2214 866 2278 coll.
902 2217 961 2279 27:
985 2215 1058 2296 φησι
1083 2214 1165 2280 δ’ἔνιὶ
1190 2224 1256 2285 τοῖς

168 2327 260 2390 αὑτοῦ
283 2324 377 2405 θύρσοις
402 2324 450 2386 ὑπ’
474 2324 544 2397 ἐμοῦ
568 2322 659 2395 δεινῶς
684 2318 844 2396 διατεθῆναι
867 2326 1055 2400 τυπτόμενος.
1091 2328 1149 2388 28:
1174 2327 1256 2402 λέγει

169 2435 241 2509 δ’ὡς
264 2438 348 2512 ἡμεῖς
371 2434 492 2510 »inlapsa
516 2432 564 2496 ἐπὶ
587 2436 638 2508 τὴν
661 2436 749 2500 οἱκίοιν
772 2437 824 2511 τὴν
846 2433 961 2501 recrevi
975 2437 1110 2517 ύοτροινιον
1129 2436 1255 2516 ἔχοντες.

169 2548 225 2610 42.
250 2546 384 2624 ούύεμύοον
408 2545 539 2621 ἡγούμην
563 2545 692 2625 πρύνοιοιν
715 2544 804 2624 εἶναι,
831 2545 909 2620 ὅστις
932 2550 973 2624 μὴ
996 2551 1165 2612 οξποκτεῖνοιι
1189 2547 1258 2622 βον-

167 2658 289 2734 λύμενος
313 2657 441 2738 ἔτρωσεν.
477 2656 607 2740 Reliqua
630 2659 836 2723 narrationem
859 2661 1017 2724 continent
1041 2682 1162 2736 eorum,
1181 2681 1258 2742 quae

169 2780 242 2832 ante
266 2768 419 2832 obiectum
443 2768 541 2832 scelus
566 2769 645 2832 facta
669 2779 755 2834 erant
779 2772 805 2855 (b
830 2773 966 2855 5-10),
991 2779 1021 2834 et
1044 2771 1258 2858 refutationem

169 2880 334 2944 adversarii
358 2880 570 2944 contendentis
595 2903 626 2944 se
650 2881 809 2965 pecuniam
833 2882 907 2947 olim
931 2890 966 2946 ut
989 2883 1141 2946 imeretur
1164 2881 1261 2944 Theo·

170 2992 263 3070 doto,
288 2992 360 3055 huic
384 3013 521 3075 erogasse
545 2993 572 3075 (b
596 2994 749 3078 al-eo).

216 3102 294 3166 Rixa
317 3109 384 3167 orta
407 3110 471 3166 erat
495 3102 532 3166 de
550 3082 734 3181 theodoto,
760 3126 855 3190 puero
880 3105 1052 3181 meritorio,
1079 3127 1169 3188 quem
1193 3103 1260 3169 Pla

170 3222 325 3278 taeensem
349 3212 424 3277 dicit
448 3222 549 3277 orator
573 3215 602 3298 (b
625 3215 666 3298 5),
692 3215 744 3277 sed
761 3215 814 3298 qui
830 3237 935 3300 reapse
951 3237 1012 3278 non
1028 3215 1152 3279 meliore
1168 3238 1259 3299 quam

170 3325 275 3389 servili
305 3323 483 3389 condicione
515 3323 575 3388 fuit
586 3351 595 3400 ;
628 3347 698 3389 nam
728 3327 864 3409 torqueri
895 3349 966 3390 eum
996 3327 1132 3411 potuisse
1159 3340 1260 3391 orator

170 3436 248 3500 dicit
278 3437 310 3522 (S
333 3438 400 3517 33).
437 3434 547 3517 ltaque
578 3435 643 3518 ipse
674 3434 851 3499 Theodotus
883 3436 940 3500 hoc
964 3459 1075 3501 nomen
1100 3437 1158 3501 sibi
1183 3460 1261 3501 arro·

170 3555 295 3635 gaverat
319 3548 365 3630 (ut
388 3545 520 3608 Pancleo
541 3551 616 3608 orat.
642 3548 713 3629 23),
739 3557 806 3623 aut,
831 3546 913 3630 quod
938 3549 1063 3632 propius
1085 3571 1173 3626 vero,
1198 3570 1262 3611 ora-

171 3670 237 3737 tor,
262 3680 324 3743 quo
348 3656 467 3721 foedius
492 3655 590 3719 scelus
613 3655 653 3719 sit
676 3655 807 3720 Simonis
823 3657 953 3721 liberum
964 3636 1122 3722 bominem
1142 3667 1262 3744 raptan-

169 3771 213 3835 tis
237 3769 268 3856 (b
293 3771 364 3854 15),
388 3768 478 3852 fingit
500 3766 709 3831 Plataeensem
733 3791 814 3845 esse;
839 3791 894 3832 nec
918 3767 1089 3832 abhorrete
1105 3792 1194 3848 vero,
1212 3793 1261 3855 pe·

171 3881 313 3957 cuniam,
346 3901 437 3963 quarn
469 3885 621 3962 erogasset
644 3877 743 3957 Simo,
768 3902 830 3943 non
855 3878 1038 3944 adolescenti
1062 3880 1115 3944 sed
1139 3882 1182 3959 ei,
1208 3882 1261 3964 qui

169 4016 258 4060 nunc
289 3999 465 4067 accusatur,
503 4011 669 4073 appensam
696 3990 789 4054 fuisse
817 3991 843 4075 (b
867 3993 908 4052 25
935 3994 1013 4067 ἡμᾶς
1037 4029 1081 4039 -
1104 3993 1262 4071 ἀποστερῆ-

170 4130 223 4170 οοοι
246 4142 291 4153 -
306 4104 482 4187 ύοιοδούνοιι).
517 4100 576 4164 Sed
600 4102 728 4185 pecunia
746 4102 838 4165 semel
854 4109 993 4186 accepta,
1010 4125 1096 4179 reus,
1114 4109 1149 4165 ut
1164 4103 1263 4166 crimi·

170 4217 306 4281 nabatur
328 4214 430 4292 Simo,
465 4215 530 4277 eius
562 4213 665 4276 fructu
696 4212 796 4299 ipsum
829 4213 1015 4299 privaverat,
1040 4214 1262 4280 adolescentem

171 4327 213 4391 ab
236 4349 272 4391 eo
296 4349 418 4404 aroens3
443 4326 493 4389 hic
517 4330 622 4409 postea
645 4325 762 4408 (eodem
786 4328 875 4410 teste)
901 4333 1060 4410 argentum
1077 4325 1260 4391 reddiderat.
