2850 5024
669 363 731 423 134

156 573 283 628 λευτοιῖοι
315 564 466 642 κρινόμενοι
496 562 650 642 οώζοιιτιιι·
674 563 854 636 resanabat
884 563 944 639 γὰρ
965 571 1018 634 τῆς
1040 565 1129 640 ὀργῆς
1153 563 1253 624 αὐτῶν

156 676 310 755 suptarus,
335 675 383 738 κιιὶ
408 675 473 744 τοὺς
490 671 634 753 ἐλέγχους
650 674 700 746 ἤδη
718 673 844 742 θέλοντες
863 673 1054 753 ἀποδέχεσθε.
1078 672 1118 735 Iu
1136 665 1252 756 quibus

107 820 110 827 ·
156 786 290 870 primum
314 787 477 861 miramur,
502 807 572 847 enm
586 789 686 866 fondo
709 785 878 862 audivisse,
902 785 1087 848 calumniam
1103 807 1168 848 esse
1185 807 1253 847 rem

156 898 373 975 miserrimam3
398 898 539 959 novimus
563 898 620 960 hoc
644 920 703 960 usu
727 898 843 981 experti
867 920 927 960 non
953 919 990 959 en
1014 896 1177 960 hominum
1200 918 1252 958 ru-

156 1008 302 1073 moribus.
350 1008 473 1072 Iuveuis
509 1033 579 1072 sane
615 1021 696 1085 crat,
732 1009 782 1071 oui
819 1008 897 1071 hanc
928 1009 1096 1071 orationem
1126 1007 1251 1091 scripsit

156 1120 264 1205 Lysias
296 1121 344 1202 (cf.
376 1123 429 1204 55)
460 1143 521 1205 qno
545 1121 677 1204 pertinet
700 1121 790 1183 etiam
815 1119 984 1204 imperitiae
1006 1118 1164 1182 excusatio
1188 1120 1206 1201 b
1232 1120 1248 1179 1

158 1239 189 1296 et
213 1235 250 1309 2,
275 1232 313 1294 cl.
338 1235 354 1316 b
377 1235 418 1294 45
443 1234 571 1308 ιίιιήιιοκ,
598 1234 638 1293 53
663 1235 750 1311 φοιοί.
797 1230 856 1294 Sed
881 1231 1020 1294 affectata
1043 1229 1184 1293 videatur
1200 1252 1252 1292 ne

158 1367 240 1408 cesse
272 1354 317 1407 est
348 1343 418 1407 talis
448 1344 620 1428 ignorantia
653 1344 685 1406 in
716 1344 780 1406 cive
810 1342 923 1406 liberae
952 1342 1103 1418 civitatis,
1132 1342 1164 1406 in
1189 1364 1253 1425 qna

158 1455 324 1541 plurimum
354 1455 470 1518 invidia
501 1454 625 1538 polleat.
672 1454 765 1533 Quod
794 1455 821 1517 si
851 1463 915 1517 tam
943 1453 1074 1518 bardum
1097 1476 1132 1517 ac
1155 1476 1254 1538 paene

158 1567 307 1630 infantem
338 1566 435 1629 voluit
468 1588 635 1650 proponere
667 1580 816 1628 oratorem
847 1565 972 1649 Lysias,
1009 1564 1173 1629 dicendum
1208 1573 1255 1628 est

56 1677 62 1689 ⁸
158 1677 248 1741 illum
286 1676 365 1740 male
405 1697 563 1760 personam
595 1676 626 1737 iu
659 1676 859 1760 sequentibus
890 1677 1082 1739 sustinuisse.
1130 1676 1254 1740 Deinde

160 1788 309 1871 (μάλιστα
333 1787 378 1867 δέ,
410 1813 439 1850 ιι.
463 1811 491 1850 τ.
515 1787 551 1868 ἑ.)
575 1808 636 1850 non
660 1787 807 1871 probatur
831 1788 913 1871 quod
937 1788 1138 1852 demonstrari
1161 1788 1254 1852 debe-

158 1901 228 1976 bat,
253 1902 432 1963 calumniam
455 1921 517 1961 esse
542 1921 605 1961 rem
629 1899 854 1982 turpissimam,
882 1897 936 1962 sed
957 1902 1150 1963 iracundiam
1171 1899 1254 1962 mul·

157 2018 225 2073 tum
249 2009 357 2072 valere.
405 2009 569 2072 Procedere
590 2009 634 2072 sic
649 2008 778 2073 debebat
795 2008 1054 2093 argumentando:
1071 2011 1252 2086 „calumnia
1277 2058 1290 2077 ι

158 2131 301 2200 „tantum
334 2121 415 2184 valet
447 2134 481 2184 ut
504 2120 696 2184 iracundiam
719 2122 850 2184 excitare
873 2121 971 2205 possit
978 2148 987 2198 3
1013 2143 1083 2184 nam
1107 2123 1254 2207 eoquod

158 2234 327 2319 „postremi
358 2234 478 2316 saepius
509 2232 727 2310 absolvuntur,
760 2234 835 2297 iram
864 2233 1023 2297 calumniis
1046 2241 1162 2298 motam
1179 2257 1256 2321 'esse

159 2344 340 2430 „apparet”
376 2343 548 2407 Dicendum
565 2351 629 2406 erat
644 2355 681 2424 τῇ
697 2344 819 2425 διαβολῇ
835 2345 916 2420 fieri,
934 2354 970 2407 ut
988 2346 1105 2430 primus
1121 2347 1257 2430 quisque

161 2459 214 2543 qui
237 2480 273 2520 ea
296 2464 419 2542 petatur
442 2455 679 2532 condemnetur,
703 2478 765 2519 non
790 2467 960 2541 postremos
983 2457 1109 2521 absolvi.
1181 2446 1184 2452 ⁵

205 2566 265 2630 Sed
288 2567 363 2630 alibi
386 2589 509 2651 quoque
532 2567 751 2630 demonstratio
775 2576 821 2631 est
843 2569 946 2632 minus
970 2569 1133 2654 perspicua
1155 2568 1258 2632 veluti

160 2682 253 2764 §aa
289 2678 531 2763 Aristophanes,
563 2679 652 2742 cuius
681 2678 761 2742 bona
785 2678 941 2763 publicata
964 2688 1064 2757 erant,
1089 2680 1260 2764 reliquerat

161 2790 288 2853 domum
319 2813 388 2853 cum
420 2791 499 2852 vasis
533 2800 561 2853 et
585 2789 775 2874 praediolum
802 2790 855 2853 sed
879 2799 992 2854 cuncta
1013 2790 1113 2854 multo
1136 2792 1261 2856 minora

162 2923 253 2986 quam
284 2902 444 2985 quisquam
477 2901 622 2985 opinatus
654 2909 727 2964 erat.
777 2900 844 2964 Iam
875 2911 978 2965 orator
1008 2910 1044 2965 ut
1066 2902 1261 2967 demonstret

162 3036 240 3098 quae
269 3014 393 3076 inventa
424 3023 525 3075 essent
557 3023 627 3096 post
658 3012 875 3096 Aristophanis
906 3021 1036 3077 mortem
1064 3013 1167 3077 omnia
1190 3036 1261 3080 esse

162 3149 240 3212 quae
264 3125 465 3210 possedisset,
483 3125 587 3188 fictum
605 3124 752 3209 proponit
768 3124 951 3209 exemplum.
989 3124 1044 3203 „si
1060 3125 1262 3204 Timotheus,

162 3238 279 3322 inquit,
305 3236 440 3300 Cononis
464 3235 544 3299 filius
569 3236 635 3320 (qui
658 3235 835 3299 fortunatus
860 3237 1029 3321 putabatur
1053 3237 1147 3300 Arist.
1173 3236 1263 3302 Plut.

162 3353 262 3435 „180)
286 3372 369 3413 nunc
392 3348 588 3412 damnaretur
610 3348 740 3430 eiusque
764 3348 844 3412 bona
867 3348 1099 3432 publicarentur
1124 3356 1154 3411 et
1176 3348 1264 3413 inve-

162 3463 292 3541 „niretis
325 3484 386 3525 non
418 3460 549 3545 amplius
581 3472 714 3543 quatuor
745 3461 877 3538 talenta,
907 3462 1096 3547 putaretisne
1120 3460 1186 3523 eius
1210 3483 1267 3524 ne·

163 3576 329 3656 „cessarios
347 3574 509 3637 abstulisse
525 3572 666 3656 reliqua?
698 3573 802 3636 Multo
822 3575 925 3636 miuus
943 3572 980 3636 de
996 3573 1060 3636 filio
1075 3571 1267 3656 Nicophemi

162 3687 393 3771 „Aristophane
416 3686 530 3749 mirum
553 3684 644 3748 debet
667 3685 783 3762 videri3
808 3708 880 3749 uam
895 3684 1106 3770 Nicophemus
1123 3684 1264 3767 legatus,

162 3797 292 3876 „Conon
324 3796 387 3860 dux
427 3797 460 3859 in
492 3795 571 3859 bello
601 3804 680 3873 erat,
711 3818 801 3878 quem
824 3797 970 3859 maiorem
992 3803 1108 3880 partem
1133 3794 1267 3878 praedae
1318 3863 1326 3880 x

162 3909 335 3993 „accepisse
359 3914 607 3971 consentaneum
631 3906 708 3969 est.’'
739 3906 851 3970 Adhuc
867 3907 970 3971 omnia
985 3915 1065 3970 recte
1082 3903 1268 3989 procedunt.

163 4022 305 4103 Quatuor
328 4021 512 4084 talentorum
535 4041 653 4082 summa
682 4017 810 4100 (Bahius
830 4019 1064 4099 τεττοιριὲιιοιοοο,
1082 4016 1185 4080 Schol.
1201 4014 1270 4101 Hy-

163 4157 265 4220 pomn.
285 4132 346 4196 ΙΠ.
368 4155 398 4217 p.
413 4118 488 4214 201)
510 4131 669 4194 memorari
694 4129 836 4206 videtur,
859 4130 942 4215 qnod
962 4137 1084 4193 tantum
1105 4129 1166 4192 fere
1188 4128 1272 4193 redi-

163 4247 236 4309 isset
252 4268 288 4308 ex
305 4245 445 4308 auctione
458 4243 608 4306 bonorum
621 4241 860 4324 Aristophanis,
875 4243 961 4305 cuius
975 4240 1100 4305 domum
1114 4247 1145 4303 et
1156 4261 1272 4322 agrum

164 4379 241 4440 quae
265 4358 401 4440 quinque
422 4355 545 4418 talentis
567 4354 688 4416 emisset
704 4355 731 4438 (b
747 4356 801 4438 12)
821 4362 956 4438 quatuor
972 4353 1035 4417 fere
1050 4359 1120 4437 post
1135 4359 1271 4415 mortem
