2850 5024
747 339 785 402 71

218 544 354 621 γραφήν,
380 547 414 604 ut
436 541 581 625 qnoniam
605 540 721 604 civitati
746 541 812 604 iure
836 538 975 604 debitum
999 563 1060 604 non
1083 541 1223 605 solvisset
1240 565 1309 626 pars

219 650 366 716 honorum
390 653 607 739 publicaretur.
654 652 802 716 Poterant
824 675 861 716 ex
884 652 932 716 his
954 653 1096 717 omnibus
1113 653 1174 717 duo
1191 653 1308 719 diversa

218 764 302 827 nasei
325 764 438 829 iudicia
461 765 606 829 nimirum
622 772 741 849 praeter
756 766 952 846 οὶιιομροιφην,
970 765 1008 828 de
1025 786 1085 848 qua
1100 764 1156 828 hae
1173 766 1309 828 oratione

218 876 319 960 agitur
341 876 489 941 iudioium
512 876 702 957 οὶοτρνιτείοις.
750 874 852 960 Igitur
875 875 912 939 de
936 875 984 939 his
1008 875 1106 939 verbis
1132 875 1308 956 τροῦθετοιν,

217 1013 244 1054 κ.
268 1013 297 1054 τ.
321 988 345 1051 ἐ.
377 987 480 1073 quaeri
512 992 613 1072 potest
640 1009 715 1050 num
738 986 816 1050 forte
840 986 1010 1051 referantur
1032 987 1072 1051 ad
1094 988 1234 1072 superius
1258 988 1310 1052 ali·

217 1098 299 1183 quod
322 1097 480 1162 iudicium.
527 1097 587 1162 Sed
618 1120 694 1183 quae
726 1104 899 1183 sequnntur
929 1097 1126 1178 ζημιώσαντες
1149 1138 1194 1148 -
1218 1099 1307 1176 λόγον

214 1211 383 1275 necessario
418 1209 568 1294 explicant
603 1209 718 1286 fusius,
755 1231 832 1292 quae
865 1209 898 1272 in
929 1209 1066 1293 proxime
1098 1211 1307 1294 superioribus

215 1321 336 1386 brevius
359 1321 441 1385 dieta
464 1327 559 1384 erant.
606 1319 716 1403 Itaque
740 1341 802 1383 non
826 1326 956 1403 possunt
979 1319 1054 1384 haee
1079 1321 1305 1403 (βουλεύσασθαι

213 1432 278 1513 περὶ
301 1439 353 1498 τοῦ
375 1432 521 1514 σώματος)
545 1430 648 1494 referri
673 1429 712 1493 ad
736 1430 876 1514 superius
899 1429 1065 1507 iudicium3
1089 1432 1243 1516 pertinent
1267 1433 1305 1496 ad

200 1548 368 1622 -undolom,
399 1542 436 1606 de
467 1565 528 1626 qua
556 1565 638 1606 nune
657 1548 793 1626 primum
815 1522 918 1605 eoram
940 1542 1055 1626 populo
1080 1544 1196 1627 agitur.
1239 1544 1304 1611 Iam

213 1655 357 1740 explicari
381 1655 507 1719 fortasse
530 1661 646 1738 potest,
671 1652 768 1716 nihilo
780 1653 882 1716 minus
898 1652 957 1716 hoe
973 1652 1010 1716 de
1025 1652 1142 1717 mulcta
1157 1655 1304 1720 iudicium

212 1765 277 1846 περὶ
299 1771 350 1831 τοῦ
374 1765 508 1840 σώματος
533 1788 597 1829 esse
620 1764 695 1841 diei,
721 1763 791 1828 ooll.
814 1765 831 1848 d
855 1766 915 1841 21;
940 1786 1002 1828 nou
1024 1771 1126 1850 potest
1138 1765 1220 1850 quod
1238 1790 1304 1851 pro·

210 1878 292 1941 xime
322 1877 463 1941 additur:
495 1876 525 1940 τί
554 1876 578 1939 δ’
608 1875 643 1941 ἂν
673 1874 803 1956 ἔτροοξοιν
838 1875 996 1951 μέλλοντες
1020 1876 1147 1953 μεμοέλοι
1173 1879 1226 1954 μὲν
1250 1877 1302 1956 ἐμὲ

208 1988 359 2075 βλάψειν,
384 1987 484 2051 πολλοὶ
506 1986 531 2050 δ’
554 1987 671 2057 deurode
696 1986 875 2068 ὠφελήσειν,
900 1983 996 2056 οἵτινες
1020 1986 1207 2067 οὐδετέρου
1231 1991 1303 2055 τού·

207 2124 277 2189 τιον
308 2100 535 2181 ὑπάρχοντος
562 2101 663 2163 aalma
690 2097 752 2176 περὶ
780 2096 931 2170 ἐλάττονος
955 2104 1101 2164 ποιοῦνται
1124 2106 1174 2165 τοῦ
1194 2101 1301 2167 aalma.

210 2209 292 2274 Nam
321 2211 395 2276 haee
424 2211 583 2275 manifeste
614 2216 773 2294 pugnant,
803 2208 862 2271 nisi
891 2207 1055 2278 κινδυνεύειν
1079 2210 1142 2289 περὶ
1166 2212 1301 2288 σώματος

208 2323 331 2387 videtur
352 2323 426 2387 levis
449 2345 498 2387 res
521 2321 621 2405 (μικροὶ
643 2319 773 2402 βλάβη).
820 2317 939 2383 Rursus
969 2320 1002 2383 in
1032 2322 1230 2405 sequentibus
1254 2323 1301 2388 bis
1343 2309 1344 2312 Ἴ

208 2456 333 2498 oausam
356 2434 467 2499 dixisse
490 2433 662 2518 Polyaenus
685 2431 815 2497 totidem
837 2432 937 2495 verbis
961 2430 1093 2496 traditur
1115 2434 1132 2517 d
1157 2435 1214 2509 18:
1243 2459 1301 2499 τοι·

208 2544 393 2625 ριιμοεγόντες
424 2545 452 2608 δὲ
476 2544 584 2609 πάλιν
607 2543 670 2622 περὶ
694 2549 749 2608 τῶν
772 2546 877 2608 αὐτῶν.
925 2543 967 2607 Et
990 2544 1145 2628 superiore
1162 2520 1300 2630 ’quodam

205 2657 322 2722 iudicio
353 2660 385 2724 ἐκ
415 2666 467 2732 τῆς
496 2658 607 2728 πόλεως
630 2655 755 2732 ἐξηλάθη
783 2658 879 2741 tlt:
904 2657 937 2720 τὸ
961 2656 990 2720 δὲ
1013 2664 1199 2737 τελευταῖον,
1224 2661 1300 2737 νομί-

206 2770 303 2850 ζοντες
333 2773 390 2850 οὐχ
415 2771 519 2841 ιἰιοινῶς
542 2793 581 2848 με
606 2770 834 2848 τετιμωρῆσθαι,
861 2767 907 2852 [τὸ
930 2768 1033 2852 τέμοις]
1060 2771 1092 2832 εἰι
1115 2777 1167 2843 τῆς
1187 2765 1306 2844 πόλεως’

205 2879 366 2957 ἐξήλοιτοιν.
413 2880 454 2944 Et
484 2887 587 2944 tamen
617 2901 700 2943 nune
732 2900 854 2943 oausam
886 2877 961 2944 dicit
993 2885 1023 2941 et
1046 2878 1084 2943 ab
1106 2883 1159 2944 Ιοοο
1183 2881 1297 2946 iudicio

205 2992 338 3078 pendere
361 2999 507 3069 testatur,
532 3014 607 3056 num
630 2999 752 3055 maneat
773 2990 807 3054 in
830 2990 953 3054 civitate
975 2991 992 3074 d
1016 2992 1068 3054 21.
1108 2989 1189 3057 Nolo
1206 2995 1297 3060 nimis

205 3126 341 3189 premere
372 3103 425 3168 illa
455 3103 545 3167 verba
575 3104 637 3182 περὶ
668 3108 723 3167 τῶν
753 3105 866 3178 adreio,
889 3110 925 3165 ut
949 3101 987 3167 de
1010 3103 1127 3168 mulcta
1150 3104 1295 3170 solvenda

206 3215 254 3280 bis
279 3216 306 3279 ei
329 3214 520 3279 diesrdiotus
548 3214 672 3290 fnisset,
701 3251 746 3261 -
772 3212 855 3296 quod
882 3219 918 3276 ut
945 3236 1150 3294 sumeremus,
1178 3215 1296 3299 reliqua

206 3327 353 3392 orationis
377 3349 450 3411 pars·
468 3348 531 3390 non
554 3325 752 3410 permitteret.
800 3322 860 3388 Sed
883 3325 930 3388 lae
953 3325 1140 3411 Polyaenum
1165 3327 1295 3412 primum

206 3446 331 3524 propter
360 3437 535 3517 οὶστοιιτείοιν
567 3436 821 3512 condemnatum
855 3436 909 3520 qui
937 3437 1079 3501 convenit
1102 3460 1170 3501 eum
1195 3438 1294 3503 dicere

206 3573 240 3614 se
263 3549 353 3614 exilio
376 3548 560 3633 mulctatum
588 3546 673 3610 esse?
719 3545 823 3611 Poena
845 3554 909 3610 erat
930 3548 1054 3626 οὶτιμίοι,
1074 3571 1166 3632 quam
1189 3550 1215 3613 si
1238 3550 1295 3614 Po-

206 3661 334 3746 lyaenus
364 3659 572 3744 aequiparavit
603 3680 672 3721 eum
703 3657 813 3736 exilio,
851 3659 995 3740 quoniam
1026 3663 1291 3728 commorationem

205 3773 239 3835 in
271 3772 346 3836 urbe
380 3772 524 3837 damnato
556 3770 615 3834 sibi
645 3768 866 3834 intolerabilem
897 3770 1040 3854 putabat,
1077 3780 1179 3838 tamen
1209 3799 1292 3840 nuno

204 3882 311 3959 ἄτιμος
341 3905 463 3947 oausam
494 3882 593 3946 dieere
621 3905 683 3946 non
714 3887 843 3965 poterat.
890 3879 932 3945 ne
958 3881 996 3944 de
1024 3883 1124 3966 priore
1145 3885 1201 3949 illa
1223 3909 1292 3950 con·

204 3994 399 4059 damnatione
429 3995 461 4058 in
492 4016 598 4059 causae
626 3993 816 4057 enarratione
840 3991 930 4075 plane
953 3993 1067 4057 siletur.
1114 3996 1194 4060 Sunt
1217 3998 1291 4062 haee

204 4106 324 4182 omnia,
348 4113 383 4169 ut
405 4106 559 4170 lenissime
582 4105 698 4182 dicam,
724 4098 889 4168 admodum
913 4104 1041 4168 obscura
1065 4115 1095 4170 et
1117 4108 1161 4172 ita
1173 4130 1291 4194 eompa-

203 4224 287 4294 rata,
312 4224 347 4280 ut
370 4240 461 4302 parva
483 4218 653 4281 mutatione
676 4240 723 4281 res
746 4215 883 4280 resarciri
905 4237 968 4279 non
991 4219 1096 4301 possit.
1132 4217 1197 4282 Nee
1213 4221 1289 4284 tales

203 4337 398 4398 removentur
428 4331 648 4417 repugnantiae
678 4337 813 4394 assumta
834 4328 945 4393 lacuna
968 4337 1021 4392 aut
1045 4331 1287 4418 interpolatione.
