2850 5024
695 355 734 416 14

170 574 239 616 cum
268 553 437 629 tenuitate,
470 573 563 635 quam
585 551 763 635 plerumque
786 551 894 636 Lysias
917 563 1122 642 consectatur,
1146 578 1253 619 conve-

168 665 265 727 niant.
301 662 438 727 Subinde
462 669 562 725 orator
585 684 620 726 ex
644 663 818 726 coniectura
840 665 988 728 rationem
1012 665 1178 730 concludit.
1203 667 1253 730 Ita

167 775 307 845 ἀδύνατος
332 774 401 851 ille,
426 774 476 837 cui
500 774 612 858 scripta
635 782 681 837 est
703 775 799 837 oratio
825 778 885 854 24,
909 778 926 861 p
949 781 979 854 9,
1003 799 1065 842 non
1089 800 1144 861 ego
1168 801 1250 856 sum,

167 885 287 969 inquit,
312 883 412 963 dives,
435 906 505 947 nam
521 883 708 946 adversarius
729 885 824 948 nollet
840 908 959 950 mecum
975 888 1054 952 bona
1070 896 1251 972 permutare.

167 996 227 1059 Sed
257 994 424 1059 voluntatis
455 994 638 1057 accusatoris
668 993 789 1059 nullum
818 1004 881 1059 erat
912 998 1137 1062 documentum.
1184 998 1251 1062 Nee

167 1107 291 1192 gravius
320 1123 365 1170 est
393 1105 476 1189 quod
508 1106 540 1168 in
570 1104 777 1170 Nicomacbea
805 1107 919 1191 legitur
948 1110 1017 1193 ᾅὸ.
1056 1108 1105 1186 Si,
1130 1110 1249 1192 inquit,

167 1239 258 1281 causa
280 1217 397 1301 privata
421 1226 577 1300 ageretur,
600 1239 661 1280 non
686 1217 840 1301 integrum
862 1241 894 1282 se
918 1241 933 1282 e
957 1219 1071 1282 iudicio
1095 1219 1250 1284 abiturum

168 1328 372 1393 Nicomachus
405 1329 556 1406 erederet3
580 1351 663 1392 nunc
687 1352 774 1414 aegre
798 1329 972 1408 ferendum,
998 1330 1079 1416 quod
1104 1332 1136 1394 in
1159 1354 1250 1394 causa

167 1441 289 1526 publica
311 1441 451 1504 illaesum
474 1462 505 1502 se
529 1439 684 1502 abiturum
707 1447 816 1525 sperat.
865 1439 949 1504 Haec
973 1464 1157 1526 quamquam
1181 1464 1250 1526 pru·

166 1552 309 1616 dentibus
338 1557 368 1613 et
390 1549 639 1633 intellegentibus
663 1571 725 1613 non
748 1549 965 1634 probarentur,
997 1558 1116 1628 tamen,
1140 1552 1173 1614 in
1197 1573 1249 1635 po·

166 1663 239 1747 pulo
262 1685 358 1747 quum
381 1661 541 1737 dicuntur,
564 1683 723 1724 assensum
744 1683 832 1745 saepe
848 1661 965 1740 lerunt,
983 1673 1013 1725 et
1028 1662 1163 1746 apprime
1179 1685 1249 1725 eum

165 1775 308 1856 hominis
321 1797 428 1860 parum
451 1774 483 1837 in
505 1774 603 1837 causis
620 1773 730 1836 versati
746 1772 941 1857 simplicitate
958 1775 1152 1837 conveniunt.
1177 1773 1249 1836 Alia

165 1897 237 1948 sunt
259 1885 368 1948 callide
391 1886 531 1962 inventa,
556 1882 610 1946 sed
633 1884 732 1967 specie
756 1882 881 1966 quidem
904 1883 1026 1947 nullum
1041 1884 1175 1948 laborem
1190 1908 1247 1949 uec

165 1996 335 2060 molestiam
361 1995 492 2073 habent,
525 2003 579 2072 ut,
611 1995 749 2077 quamvis
780 1993 858 2073 levia
889 1994 927 2057 ad
958 1994 1245 2074 demonstrandum,

164 2116 266 2172 tamen
290 2109 399 2172 animis
423 2107 597 2171 auditorum
620 2107 710 2170 facile
726 2129 757 2170 se
773 2107 941 2171 insinuent.
966 2107 1141 2171 Admodum
1158 2117 1246 2172 acute

164 2221 196 2283 in
228 2219 419 2283 Philocratea
449 2219 538 2281 initio
570 2218 722 2281 delectum
746 2226 972 2294 accusatorum,
997 2219 1050 2301 qui
1073 2241 1123 2281 reo
1147 2220 1246 2282 favere

164 2331 260 2395 videri
283 2330 428 2407 debebat,
454 2331 670 2415 interpretatur
692 2330 724 2392 in
748 2327 964 2392 detrimentum
987 2331 1137 2407 accusati,
1155 2353 1246 2415 quem

163 2443 235 2506 inde
264 2448 420 2527 appareret
451 2441 579 2525 pecunia
614 2440 738 2525 publica
766 2463 797 2504 se
832 2440 962 2517 ditasse,
999 2463 1060 2524 qua
1093 2449 1246 2505 accusato-

163 2576 209 2618 res
233 2560 446 2637 corrumperet.
480 2552 583 2616 Verba
605 2552 717 2637 quibus
741 2560 842 2616 orator
863 2553 896 2616 in
919 2552 1081 2616 Philonem
1097 2554 1162 2636 (31)
1184 2555 1201 2638 b
1224 2557 1244 2615 4

162 2665 346 2749 imperitiam
369 2663 490 2728 dicendi
514 2672 655 2741 excusat,
673 2664 882 2728 demonstrant
906 2642 1085 2749 diligentius
1108 2665 1254 2729 conside·¹

161 2785 240 2855 rata,
272 2777 320 2841 vel
350 2778 479 2841 maxime
511 2776 677 2840 sollertiam
707 2784 738 2840 et
768 2784 923 2841 versutum
962 2776 1105 2840 animum.
1149 2777 1182 2840 Si
1213 2778 1246 2840 in

162 2896 263 2974 parte,
287 2889 406 2971 inquit,
431 2887 632 2951 accusationis
656 2887 780 2950 inferior
802 2888 875 2965 sim,
901 2887 1012 2951 credite
1035 2887 1099 2950 fieri
1123 2897 1247 2972 propter

162 3001 343 3064 immensum
373 3021 534 3062 numerum
565 2998 710 3062 scelerum
742 3000 989 3076 commissorum
1022 2999 1048 3061 si
1071 2997 1145 3082 quid
1168 2999 1245 3062 bene

162 3133 343 3196 exposuem,
377 3131 438 3174 non
467 3132 551 3173 meae
583 3110 708 3194 peritiae
738 3109 907 3174 adscribere
932 3110 1089 3194 poteritis,
1115 3109 1168 3173 sed
1191 3112 1246 3173 im-

161 3229 268 3307 putate
298 3221 391 3284 huius
417 3221 569 3304 pravitati.
614 3220 681 3297 lta,
706 3219 917 3304 qualecunque
940 3220 1090 3284 iudicium
1121 3221 1158 3284 de
1182 3244 1246 3285 ora-

161 3334 244 3396 tione
275 3334 348 3411 erit,
381 3332 549 3396 secundum
579 3332 661 3397 hunc
696 3340 845 3396 oratorem
879 3334 989 3396 noxius
1024 3332 1120 3396 videri
1154 3333 1244 3398 debet

160 3444 260 3509 Philo.
297 3444 356 3509 Sed
388 3453 461 3508 suut
493 3445 570 3522 alia,
602 3445 635 3507 in
666 3444 778 3529 quibus
799 3444 950 3508 calliditas
975 3453 1005 3508 et
1027 3444 1115 3507 dolus
1142 3444 1244 3507 minus

160 3555 236 3620 bene
259 3556 469 3633 occultantur,
494 3556 578 3620 velut
601 3578 696 3640 quum
718 3555 878 3620 verborum
901 3556 1100 3640 ambiguitate
1122 3579 1244 3619 causam

160 3667 286 3751 probare
317 3667 430 3732 studet.
477 3667 514 3730 In
547 3669 684 3731 oratione
716 3670 755 3732 27
782 3670 861 3751 (κατ’
884 3666 1084 3751 Ἐπικράτους)
1108 3666 1189 3730 ludit
1211 3667 1244 3730 iu

160 3779 382 3862 significatione
412 3778 553 3842 vocabuli
584 3781 716 3858 ἄκριτος,
747 3786 782 3842 ut
809 3777 926 3842 indicta
949 3800 1040 3842 eausa
1062 3778 1158 3842 malos
1181 3799 1245 3841 ora·

161 3897 241 3953 tores
265 3889 509 3953 condemnandos
526 3912 590 3953 esse
606 3889 810 3968 demonstret,
827 3912 889 3953 non
906 3891 1003 3967 enim,
1020 3891 1137 3974 inquit,
1156 3898 1245 3953 erunt

160 3999 284 4081 ἄκριτοι,
316 4023 387 4064 nam
417 4022 470 4064 vos
501 4023 551 4064 eos
583 4003 710 4065 novistis
734 4007 765 4064 et
788 4002 825 4064 de
848 4002 929 4064 notis
952 4000 1127 4065 iudicaretis
1151 4002 1177 4084 (b
1202 4004 1243 4085 8),

161 4112 248 4196 quasi
279 4134 349 4176 vero
380 4112 436 4176 ulli
465 4134 502 4175 ex
524 4112 714 4176 auditoribus
738 4119 840 4196 posset
862 4112 1073 4196 interpretatio
1096 4111 1243 4175 formulae

159 4220 267 4301 ἄκριτοι
289 4222 432 4288 ἀπέθανον
456 4222 516 4286 alia
538 4222 655 4306 placere
679 4245 770 4307 quam
793 4223 904 4287 indicta
926 4244 1031 4295 cocras
1056 4244 1144 4285 nemo
1164 4243 1241 4300 non,

161 4333 288 4415 opinor,
313 4356 350 4396 ex
373 4334 410 4396 iis
433 4331 492 4396 hoc
515 4334 634 4397 acutius
657 4356 748 4417 quam
772 4334 870 4397 verius
893 4333 1009 4396 dictum
1031 4334 1160 4417 putavit.
1199 4332 1244 4396 Si-
