2850 5024
692 367 750 427 130

175 564 320 647 pecuniae
352 564 428 628 clam
458 574 528 628 aute
557 564 638 627 bona
660 565 816 649 publicata
839 573 1006 651 surreptas.
1055 567 1157 652 Igitur
1181 561 1276 654 qnod

174 676 223 739 hic
247 677 371 740 haberet
396 676 519 761 publica
543 676 639 752 bona,
665 677 729 739 eius
753 698 800 739 res
817 676 973 740 familiaris
990 679 1062 741 fisco
1079 679 1257 743 vindicatur.

174 787 218 850 lla
242 810 332 851 causa
355 810 436 851 nunc
461 789 580 872 agitur;
604 789 680 851 dicit
702 788 784 851 filius
809 790 960 867 accusati,·
985 791 1050 874 ipse
1075 792 1155 854 enim
1181 813 1256 855 socer

174 906 243 962 ante
266 891 415 962 iudicium
439 899 607 963 decesserat
631 901 658 984 (b
682 902 745 983 61).

217 1013 449 1078 Ostendendum
480 1017 574 1099 igitur
605 1022 669 1078 erat
697 1023 727 1078 ct
752 1016 987 1099 Aristophanem
1012 1039 1074 1080 non
1097 1017 1189 1101 plura
1213 1018 1256 1080 ba·

172 1131 289 1208 buisse,
322 1153 413 1214 qnam
444 1131 525 1216 apud
557 1153 626 1194 eum
657 1131 815 1195 inventum
847 1138 876 1194 et
900 1132 933 1195 in
957 1131 1108 1195 aerarium
1130 1132 1256 1196 relatum

174 1254 268 1322 11111,
294 1252 338 1323 11,
364 1246 388 1308 si
413 1246 459 1309 vel
482 1247 611 1309 maxime
634 1245 723 1330 plura
747 1245 919 1321 habuisset,
945 1268 1006 1309 uon
1022 1247 1182 1330 probabile
1199 1270 1259 1311 esse

174 1359 248 1423 haec
271 1383 373 1424 socero
398 1361 435 1425 ab
460 1385 494 1425 co
518 1362 633 1425 credita
656 1363 758 1425 fuisse.

216 1475 317 1559 Igitur
347 1476 420 1540 11111
452 1476 593 1561 deinceps
626 1483 830 1562 exponuntur.
878 1477 1016 1540 Primum
1041 1478 1123 1540 enim
1149 1487 1263 1542 sortem

172 1614 258 1654 11111
288 1592 426 1675 iniquam
456 1592 632 1668 miseratur,
666 1591 749 1675 quod
780 1613 864 1655 soror
895 1592 1125 1676 (Aristophanis
1157 1593 1264 1677 vidua)

172 1725 241 1766 cum
271 1702 375 1767 liberis
406 1704 465 1767 iam
497 1704 553 1767 sibi
586 1703 694 1766 alenda
721 1705 760 1766 sit
784 1726 818 1766 eo
843 1712 978 1788 tempore
1002 1726 1063 1788 quo
1087 1703 1264 1767 haereditas

171 1819 265 1901 patris
296 1818 329 1881 in
359 1818 521 1882 discrimen
551 1820 653 1882 veniat
685 1805 869 1902 1-111).
916 1818 996 1881 Tum
1020 1819 1263 1903 Aristophanem

171 1930 296 2014 eiusque
327 1939 443 2014 patrem
477 1930 703 2016 Nicophemum
735 1954 797 1994 non
836 1931 946 1994 divites
981 1931 1076 1994 fnisse
1108 1931 1263 2009 ostendit,

171 2063 226 2104 nec
250 2049 366 2125 patrem
390 2064 478 2105 suum
503 2050 626 2128 propter
649 2042 769 2105 divitias
786 2041 864 2105 hanc
881 2041 1057 2105 affinitatem
1075 2042 1265 2125 quaesivisse

171 2153 225 2234 (—
252 2153 268 2236 b
294 2154 357 2235 17).
404 2151 476 2216 Non
500 2175 625 2237 magna,
650 2154 767 2237 inquit,
793 2161 898 2237 postea
921 2153 1112 2216 familiaritas
1134 2153 1266 2217 interce-

172 2262 263 2326 debat
287 2265 366 2327 inter
389 2265 625 2349 Aristophanem
648 2273 679 2329 et
702 2266 767 2328 eius
788 2287 924 2329 socerum
948 2268 975 2350 (b
997 2267 1065 2349 18);
1087 2287 1122 2328 11
1140 2271 1265 2328 tanturn

170 2375 274 2439 aberat
296 2384 332 2439 ut
355 2398 458 2439 socero
478 2400 513 2441 ex
534 2377 596 2441 suis
616 2377 704 2441 bonis
721 2377 837 2462 aliquid
857 2378 1078 2453 committeret,
1097 2383 1134 2439 ut
1153 2383 1266 2440 contra

169 2485 206 2549 ab
238 2487 295 2550 hoc
326 2487 491 2572 aliquando
522 2496 661 2552 mutuam
693 2489 834 2551 sumserit
865 2488 1025 2572 pecuniam
1056 2489 1112 2571 (—
1143 2487 1160 2569 b
1195 2489 1263 2571 24).

170 2598 389 2683 Aristophanes
419 2598 451 2661 in
483 2595 625 2683 Cypriam
656 2598 878 2682 expeditionem
897 2599 1008 2662 ⁴omnia
1031 2598 1195 2675 ins‘umsit,
1222 2620 1262 2662 111

169 2731 229 2792 qua
250 2709 345 2772 redux
370 2709 532 2773 damnatus
557 2717 603 2772 est
627 2710 682 2793 (-
707 2711 772 2792 27).
815 2708 1048 2793 Comparatioue
1072 2730 1140 2771 cnm
1161 2707 1268 2774 Cono-

168 2820 216 2883 nis
247 2820 334 2884 bonis
362 2820 504 2883 instituta
535 2812 709 2884 ostenditur
736 2843 798 2883 non
828 2818 1029 2904 improbabile
1053 2841 1117 2882 esse
1141 2821 1266 2884 Aristo-

168 2931 299 3016 phanem
322 2954 384 2995 uon
407 2932 496 3016 plura
518 2931 661 2996 habuisse
685 2933 740 3013 (-
755 2934 771 3016 1
787 2934 851 3016 Al).
888 2932 928 2994 hi
943 2931 1064 3015 saepius
1081 2915 1265 2996 erraverunt

167 3045 200 3106 in
220 3044 429 3107 aestimatione
454 3043 602 3106 bonorum
631 3042 833 3105 Athenienses
858 3044 913 3124 (-
937 3044 1000 3126 52).
1036 3041 1110 3104 Post
1134 3041 1265 3106 brevem

167 3163 416 3239 argumentorum
450 3157 661 3239 repetitionem
696 3156 760 3238 (55)
797 3153 911 3217 desinit
942 3155 975 3216 in
1004 3153 1099 3238 patris
1132 3152 1264 3236 suisque

166 3265 303 3331 moribus
326 3273 357 3329 et
379 3266 495 3329 meritis
519 3267 551 3329 in
573 3265 794 3349 rempublicam
819 3265 1076 3328 commendandis.

211 3376 324 3440 Misera
353 3385 417 3440 erat
447 3377 635 3441 iudiciorum
666 3377 744 3440 ratio
776 3399 811 3439 1ο
843 3383 995 3460 tempore,
1027 3375 1110 3460 quod
1142 3374 1263 3439 bellum

165 3487 460 3573 Peloponnesiacum
482 3488 618 3572 proxime
643 3493 782 3551 secutum
807 3494 870 3563 est,
895 3508 991 3569 quum
1016 3487 1136 3571 persas
1161 3496 1263 3551 11111-

165 3600 208 3664 fas
238 3600 385 3663 exhausto
416 3599 531 3662 aerario
562 3599 724 3663 subvenire
748 3605 933 3661 conarentur
957 3599 1170 3662 Athenienses.
1210 3597 1260 3663 Of.

165 3712 285 3777 Nicom.
307 3714 371 3796 (30)
397 3714 453 3773 111
478 3706 554 3783 εἰδὼς
577 3707 620 3775 ὅτι
644 3713 660 3786 ἦ
683 3711 776 3787 βουλὴ
801 3713 817 3785 ἡ
841 3711 886 3774 αεὶ
908 3711 1101 3788 βουλεύουσα,
1117 3709 1188 3774 ὅταν
1205 3713 1262 3789 μὲν

163 3826 221 3907 §xp
243 3825 329 3889 ἱκανὰ
352 3826 500 3904 χρήματα
523 3825 562 3895 εἷς
585 3823 731 3897 διοίκησιν,
756 3822 831 3886 οὐδὲν
853 3819 1067 3902 ἐξαμαρτάνει,
1086 3821 1155 3887 ὅταν
1175 3822 1202 3884 δ’
1219 3826 1262 3896 εἰς

163 3937 285 4015 οὶτορίαν
304 3946 458 4018 καταστῇ,
480 3933 685 4015 accusatam
702 3933 893 4010 εἶςαγνελίας
911 3934 1046 4014 δέχεσθαι
1063 3935 1112 3998 καὶ
1125 3935 1262 4010 δημεύειν

162 4046 204 4111 ταὶ
233 4052 288 4111 τῶν
320 4052 444 4110 πολιτῶν
474 4045 523 4109 καὶ
555 4052 610 4110 τῶν
642 4046 758 4126 ῥητόρων
781 4051 837 4115 τοῖς
864 4045 904 4107 τα
929 4046 1111 4125 πονηρότατα
1134 4046 1256 4122 λέγουσι

162 4156 316 4222 πείθεσθαι.
363 4156 402 4221 11
432 4140 524 4221 11111
547 4156 690 4220 llratonis
714 4157 782 4238 (17)
806 4176 857 4231 ea,
883 4176 961 4238 quae
986 4156 1112 4240 publico
1138 4156 1259 4222 iudicio

162 4269 283 4333 fuerant
313 4267 507 4345 adiudicata,
541 4277 775 4354 postearursus
802 4265 907 4331 cadem
931 4269 1111 4333 auctoritate
1135 4269 1258 4334 abiudi-

71 4387 72 4390 ’
161 4386 270 4444 cantur
300 4387 336 4443 ut
368 4358 482 4444 aerario
506 4379 623 4444 cedant.
669 4377 709 4442 In
732 4377 788 4440 hac
811 4377 878 4461 ipsa
901 4380 1039 4444 oratione
1062 4383 1079 4466 1
1104 4384 1163 4460 11,
1187 4405 1254 4474 χα-
