2850 5024
628 372 689 433 105

114 572 301 636 instructum
323 570 373 656 (cf.
397 569 484 634 Guhl
506 593 538 636 u.
562 570 684 649 Koner‚
712 571 766 634 das
789 569 895 635 Leben
918 567 972 633 der
996 568 1149 633 Griechen
1172 591 1204 632 u.

113 681 241 762 Rumor,
278 680 305 746 I.
337 703 368 767 p.
401 682 455 766 85)
486 681 721 747 similitudinem
752 680 860 767 templi
890 679 1032 745 habebat.
1078 679 1117 743 In
1149 700 1204 757 eo,

113 815 231 857 morem
261 791 418 878 vulgarem
449 814 595 877 spernens
618 798 649 856 et
671 791 938 877 praetereuntibus
961 791 1089 855 fortasse
1112 787 1207 852 insul-

113 911 203 982 tans,
235 924 307 968 curn
337 902 529 968 Archedemo
557 902 696 968 consedit
718 901 904 968 Alcibiades.
951 901 1011 966 Pro
1035 900 1113 966 ἔπινε
1135 898 1204 982 μέν,

113 1012 197 1097 quod
228 1036 264 1078 ex
296 1015 471 1079 coniectura
502 1013 637 1099 positum
669 1021 732 1093 est,
763 1012 923 1078 Palatinus
953 1011 1046 1077 habet
1075 1010 1118 1077 tn
1140 1009 1205 1089 μέν.

113 1124 162 1190 Ex
184 1147 246 1211 quo
263 1148 327 1190 non
352 1124 430 1192 ἔπινε
452 1125 524 1206 μέν,
548 1124 602 1190 sed
626 1125 806 1212 simpliciter
828 1124 922 1191 ἔπινεν
944 1123 1061 1208 (crebra
1075 1142 1207 1186 commu·

113 1236 232 1301 tatione
258 1237 430 1302 litterarum
457 1248 492 1304 M
520 1247 550 1302 et
578 1246 608 1303 N
635 1239 827 1324 corruptum)
850 1234 1063 1322 reponendum
1082 1251 1205 1298 censeo.

113 1348 180 1415 Μὲν
195 1351 292 1427 enim,
313 1349 462 1434 oppositis
481 1354 596 1414 πολλῶν
617 1350 738 1430 δρώντων
754 1347 833 1414 ἔπινε
854 1354 885 1412 et
903 1345 1035 1428 ἐκώμαζε
1054 1345 1119 1424 μεθ’
1138 1343 1207 1424 ἦμέ-

113 1483 184 1542 par,
213 1459 273 1524 alio
302 1460 480 1545 ponendum
511 1469 576 1525 erat
605 1459 683 1525 loco.
728 1457 957 1524 Laurentianus
986 1479 1023 1522 ex
1045 1456 1207 1521 manifesta

114 1571 301 1636 correctione
323 1571 417 1637 habet
432 1570 564 1656 (omissis
588 1570 630 1638 ἔτι
652 1570 735 1657 pen:
760 1571 886 1642 νυκτός
907 1594 947 1634 τε
971 1568 1025 1634 ὑπὸ
1047 1569 1088 1649 τῷ
1111 1567 1206 1648 αὐτῷ

114 1681 289 1759 otuinus
313 1682 522 1763 κατακείμενος
545 1687 603 1747 κοοὶ
627 1683 758 1764 ἐκώμαζε
780 1683 844 1761 μεθ’
870 1681 989 1762 inipetu.
1035 1679 1136 1763 Turpe
1160 1683 1205 1742 est

111 1791 256 1874 κωμάζειν
282 1794 346 1871 μεθ’
373 1793 498 1876 ἡμέραν,
531 1816 588 1858 nec
625 1793 691 1858 ulla
718 1795 818 1858 noctis
841 1792 1035 1878 oppositione
1056 1812 1133 1875 opus
1161 1794 1207 1853 est

111 1907 151 1966 ut
172 1901 265 1967 verba
286 1927 321 1980 μ.
345 1905 373 1978 ἦ.
398 1902 612 1968 defendantur.
644 1903 684 1968 In
706 1905 766 1969 fine
791 1903 934 1970 sectionis
959 1924 1014 1987 pro
1037 1900 1110 1977 δόξει
1133 1895 1206 1964 alnas

110 2013 323 2098 reponendum
353 2015 482 2079 fortasse
510 2013 616 2088 δόξειεν
646 2010 718 2080 εἷνοο
750 2015 902 2080 restitutis
932 2012 1045 2078 litteris
1076 2036 1105 2076 εν
1129 2032 1207 2095 quae

113 2130 188 2188 ante
209 2119 281 2190 εἶνοον
301 2124 390 2189 facile
413 2130 582 2209 potuerunt
605 2125 755 2190 excidere.

159 2236 178 2320 d
202 2236 254 2299 26.
288 2236 380 2300 κοίτοο
401 2234 479 2301 ποῖόν
500 2260 566 2300 rara
589 2237 648 2316 χρὴ
667 2237 782 2321 [αὐτὸν]
809 2234 861 2318 ὑφ’
881 2235 959 2313 ὑμῶν
976 2232 1136 2314 νομίζεσθαι
1155 2224 1208 2315 [εἷ-

113 2346 192 2432 νοοο],
209 2345 286 2418 ὅστις
303 2346 423 2426 κοὶκείνῳ
439 2346 551 2411 rocci?
564 2346 736 2421 ἐπιτηδεύων
747 2346 932 2424 διεβέβλητο.
963 2343 1044 2408 Mihi
1055 2343 1106 2406 hic
1118 2341 1204 2405 locus

112 2456 205 2521 nimis
232 2455 378 2520 verbosus
411 2477 475 2520 esse
504 2455 644 2535 videtur,
674 2478 765 2541 quam
795 2464 831 2522 ut
860 2457 903 2521 sic
932 2455 969 2519 ab
993 2460 1112 2518 oratore
1136 2473 1206 2515 eum

112 2567 284 2653 profectum
304 2572 424 2650 putem,
447 2566 498 2630 cui
519 2567 593 2631 vitio
615 2569 741 2631 remotis
759 2567 858 2631 verbis
878 2566 1013 2632 inductis
1036 2563 1204 2629 medebcre.

158 2677 236 2755 Rea,
260 2676 298 2740 de
321 2699 382 2760 qua
404 2677 460 2742 hac
485 2678 619 2742 sectione
643 2679 745 2764 agitur
768 2679 891 2744 silentio
914 2677 1130 2742 historicorum
1155 2672 1206 2738 ad·

111 2789 240 2854 modum
270 2787 407 2878 obscura
434 2795 490 2852 est.
536 2787 659 2854 Nomen
686 2788 857 2854 Omearum
879 2790 1009 2865 faceret,
1034 2794 1071 2850 ut
1093 2786 1207 2870 cogita·

111 2923 215 2966 remus
246 2899 285 2964 de
312 2899 351 2962 iis
374 2900 582 2985 temporibus,
608 2900 719 2985 quibus
744 2900 781 2964 de
804 2899 980 2985 principatu
1001 2899 1035 2962 in
1058 2896 1205 2982 Argolide

113 3011 272 3078 certabant
300 3010 535 3075 Lacedaemonii
569 3018 600 3076 et
630 3011 852 3089 Athenienses,
877 3009 964 3073 alteri
987 3008 1205 3093 optimatibus,

114 3121 204 3187 alteri
227 3123 368 3208 populari
392 3124 525 3188 factione
547 3124 630 3202 nixi,
655 3146 736 3188 anno
760 3125 824 3188 417
851 3129 882 3186 et
898 3121 1047 3206 sequenti.
1090 3120 1133 3184 Et
1155 3140 1207 3204 po-

115 3235 243 3299 steriorc
266 3234 386 3300 Orneae
409 3236 549 3315 dirutae,
573 3258 673 3320 neque
697 3236 763 3300 eius
784 3234 893 3321 oppidi
910 3240 1016 3319 postea
1030 3233 1064 3297 in
1078 3231 1208 3295 historia

115 3344 190 3410 belli
213 3345 467 3436 Peloponnesiaci
489 3348 606 3410 mentio
629 3347 776 3411 iniicitur.
816 3345 864 3411 Of.
888 3345 985 3409 'l‘huc
1002 3343 1059 3407 VI.
1086 3346 1114 3409 7.
1139 3345 1170 3407 3.
1183 3341 1207 3427 1)

116 3453 269 3520 Orneatae
299 3457 331 3520 in
363 3480 467 3542 pugna
490 3455 698 3522 Mantineensi
725 3480 753 3522 a.
785 3459 848 3522 417
882 3456 1005 3521 stabant
1028 3453 1207 3539 apartibus

113 3567 302 3650 Argivorum
325 3574 355 3630 et
378 3567 631 3646 Atheniensium
655 3592 707 3633 eos
730 3569 762 3633 in
786 3567 1002 3645 conversione,
1020 3587 1099 3650 qnae
1113 3564 1206 3648 paulo

112 3683 185 3764 post
208 3677 289 3741 iacta
312 3685 375 3757 est,
399 3701 470 3742 cum
492 3678 617 3763 Argivis
641 3679 758 3743 animos
783 3678 821 3742 ad
845 3677 1009 3764 Spartanos
1025 3675 1206 3753 inclinasse,

112 3789 172 3854 etsi
194 3788 389 3874 Thucydides
413 3812 475 3853 non
501 3789 616 3854 diserte
637 3796 807 3868 memorat,
835 3787 993 3874 probabile
1016 3794 1119 3852 tamen
1143 3793 1204 3865 est,

111 3900 198 3987 quod
229 3924 289 3987 pax
320 3909 350 3966 et
381 3902 511 3966 societas
541 3901 637 3966 initae
660 3909 734 3966 sunt
757 3901 795 3967 ab
819 3900 941 3986 Argivis
965 3906 995 3964 et
1019 3899 1119 3964 sociis.
1159 3897 1205 3962 Of.

112 4011 213 4078 Thac.
230 4012 269 4076 V.
295 4015 333 4079 77
360 4021 390 4078 et
416 4015 467 4078 79.
514 4013 574 4078 Sed
602 4036 637 4078 ea
664 4014 792 4078 societas
816 4012 1000 4096 Argivorum
1024 4032 1094 4074 oum
1118 4008 1208 4094 Spar·

114 4125 198 4188 tanis
220 4147 283 4190 non
302 4126 420 4191 stabilis
436 4126 496 4191 fuit
511 4126 651 4213 populari
666 4149 773 4190 rursus
788 4125 921 4190 factione
936 4144 1039 4187 rerum
1055 4120 1204 4206 potiente.

118 4277 312 4292 *-

156 4364 180 4425 1)
198 4362 261 4414 Urbs
278 4368 384 4430 tempore
401 4364 457 4415 belli
476 4365 605 4415 Phocensis
622 4369 673 4415 crat
686 4364 806 4415 restituta.
824 4364 856 4414 Cf
866 4362 936 4414 Diod
949 4361 995 4412 Sic.
1008 4361 1071 4412 XVI.
1084 4360 1116 4409 34
1128 4361 1153 4408 ct
1164 4358 1203 4409 39.
