2850 5024
682 369 743 428 189

165 568 320 649 γίγνηται,
353 566 523 643 δικαστήρια
546 569 689 644 πλκροῦτε
712 563 761 626 καὶ
785 562 1048 639 καταγιγνώσκετε
1072 561 1176 639 δεσμόν
1199 568 1255 626 τῶν

164 675 375 752 ἀκοσμούντων.
415 672 492 737 Mid.
518 672 595 754 (el.)
620 674 702 733 209:
734 669 761 733 εἴ
781 696 824 742 τις
849 673 926 747 ὑμῶν
950 709 995 718 -
1018 673 1057 742 εἰς
1080 671 1256 751 δικαστήριον

164 784 239 854 εἱςέοι
270 783 493 862 πεπληρωμένον
524 784 557 845 ἐκ
578 780 695 844 τούτων.
743 779 884 843 Dobreus
908 787 1064 864 praeterea
1086 781 1166 843 κατόν
1189 780 1256 850 τοὺς

164 891 266 968 νόμους
290 896 321 956 οὗ
345 891 474 955 δυνατόν.
521 889 581 952 Sed
605 889 757 952 sententia
780 897 843 951 est:
870 888 1136 951 iudiciumautem
1150 896 1257 951 contra

164 1000 247 1084 leges
272 1001 431 1063 convocari
456 998 547 1082 plane
570 1019 632 1060 nou
652 1003 764 1080 potest.
795 995 917 1059 Notum
933 1004 1014 1073 erat,
1030 995 1089 1058 hoo
1105 997 1255 1060 iudicium

163 1108 284 1191 legibus
297 1108 485 1170 eontrarium
498 1107 637 1169 futurum
650 1126 729 1182 esse,
746 1126 845 1188 neque
859 1105 970 1167 diserte
983 1111 1049 1168 erat
1061 1104 1253 1183 addendum,

165 1216 219 1280 sed
243 1224 352 1300 utpote
375 1217 413 1280 de
436 1238 468 1279 re
492 1222 566 1278 nota
588 1215 764 1293 δικαστήριον
788 1214 869 1292 παροδ
892 1214 957 1284 τοὺς
982 1214 1083 1290 νόμους
1107 1215 1253 1298 appellat.

208 1327 247 1389 Iu
275 1327 314 1388 iis
345 1348 423 1409 quae
456 1325 592 1408 proxime
624 1330 811 1405 sequuntur:
845 1324 869 1386 εἷ
892 1323 1044 1386 δὲταῦτα
1067 1323 1152 1386 πένθ’
1175 1322 1256 1395 οὗτος

163 1434 236 1499 ὥστε
265 1435 397 1511 γενέσθαι
428 1434 671 1514 διαπέπρακται,
706 1433 738 1495 τί
767 1431 952 1508 προςδοκῆσαι
984 1432 1028 1494 δεῖ
1058 1432 1256 1508 δοκιμασθέντ’

163 1543 250 1607 αὐτὸν
282 1543 423 1616 ποιήσειν,
456 1543 479 1604 εἰ
509 1543 561 1608 σὺν
593 1540 724 1614 ἐξιοῦσαν
757 1542 852 1619 οέρχὴν
883 1540 1019 1604 πέπεικεν
1050 1543 1140 1604 αὐτοῦ
1172 1539 1256 1605 ἕνεκα

163 1660 387 1730 παρανομῆσαις
419 1649 542 1712 Dobreo
574 1671 637 1711 non
668 1649 818 1712 assentior
848 1648 952 1712 looum
984 1649 1022 1711 ad
1055 1650 1137 1712 huno
1163 1650 1257 1714 ferme

163 1760 288 1823 modum
313 1759 487 1842 supplenti:
513 1759 729 1838 διαπέπρακται
753 1757 910 1828 κολαστέος
933 1763 1049 1833 μόιλλον
1074 1758 1255 1833 ἢπιμκτέος.

163 1871 180 1945 ἢ
203 1871 240 1934 τό
260 1870 357 1950 προσδ.
404 1867 505 1930 Locus
530 1874 575 1930 est
598 1890 636 1930 ex
659 1890 694 1929 eo
719 1889 847 1950 genere,
872 1868 904 1931 in
929 1889 990 1950 quo
1007 1869 1137 1952 protasis
1154 1868 1257 1932 condi·

165 1978 292 2042 oionalis
316 2001 370 2062 per
393 1978 520 2040 alteram
548 1977 786 2060 subsequentem
809 1977 998 2056 declaratum
1028 1978 1112 2061 quod
1136 1986 1201 2042 erat
1224 1981 1255 2042 in

163 2089 265 2172 priore
297 2087 412 2171 protasi
442 2087 618 2149 summatim
641 2086 828 2163 indicatum,
853 2109 908 2170 per
931 2086 1062 2150 alterum
1084 2088 1256 2150 membrum

163 2195 373 2259 condicionale
396 2195 496 2257 fusius
520 2194 712 2258 describitur.
738 2193 785 2258 cf.
811 2195 899 2259 Dem.
925 2195 963 2258 de
987 2195 1056 2259 Cor.
1081 2199 1147 2280 (18)
1173 2201 1256 2263 217:

164 2305 187 2368 εἷ
210 2305 263 2381 μέν
287 2306 345 2383 γὰρ
369 2312 463 2383 παρῆν
486 2303 535 2367 καὶ
560 2304 640 2379 μεπόι
658 2309 714 2367 τῶν
730 2305 831 2368 όιλλειν
846 2304 1022 2384 ἐξητάζετο,
1048 2312 1108 2377 πῶς
1135 2310 1166 2371 οὖ
1183 2308 1259 2373 δεινόι

164 2420 254 2494 ποιεῖ,
278 2417 395 2482 μαλλον
418 2412 443 2475 δ’
466 2412 524 2475 οὐδ’
547 2409 613 2475 όσια
625 2462 634 2494 ,
666 2414 690 2476 εἰ
714 2409 749 2475 ὧν
773 2415 810 2484 ὥς
832 2413 955 2491 αρέστιον
979 2416 1067 2486 αὐτὸς
1092 2417 1157 2487 τοὺς
1181 2417 1258 2488 θεοὺς

163 2632 286 2707 σασόαι;
319 2652 410 2712 quem
442 2629 544 2692 locum
576 2629 613 2692 ad
642 2633 692 2692 14.
720 2632 759 2692 13
785 2631 840 2695 ubi
863 2632 982 2694 ratione
1006 2654 1113 2714 parum
1140 2632 1259 2698 diversa

163 2736 213 2799 ε’όν
244 2737 420 2821 duplicatur
444 2738 530 2801 affert
554 2738 692 2815 Soheib.;
718 2740 836 2824 reliqua
859 2747 961 2803 autem
989 2741 1092 2804 minus
1116 2743 1257 2826 apposita

162 2855 244 2909 sunt.
283 2847 341 2910 Sed
366 2870 402 2910 ex
425 2847 554 2911 Platone
577 2849 708 2912 conferri
732 2856 861 2932 possunt
885 2850 999 2913 Phaed.
1027 2853 1078 2914 67.
1104 2850 1147 2927 Ε,
1165 2850 1257 2935 Apol.

164 2957 216 3019 20.
249 2954 283 3018 C.
319 2957 406 3019 Duae
437 2957 606 3020 sententiae
637 2957 806 3021 obiectivac
838 2981 891 3041 per
921 2956 982 3036 ότι,
1007 2981 1137 3042 quarum
1162 2959 1257 3023 altera

163 3066 360 3147 praeponitur
383 3064 492 3142 verbo,
523 3066 618 3128 altera
645 3069 784 3150 sequitur
807 3076 880 3131 sunt
903 3068 1005 3152 Symp.
1032 3071 1104 3131 186.
1122 3069 1159 3131 A.
1196 3068 1256 3132 Sed

164 3174 262 3235 otiosa
277 3183 351 3236 suut
368 3173 458 3236 verba
473 3172 547 3237 όστε
562 3173 714 3255 γενέσθαι,
740 3182 770 3239 et
786 3176 896 3240 debilis
913 3184 959 3240 est
975 3177 1137 3261 oppositio.
1160 3176 1258 3261 Serip-

164 3282 267 3344 serim:
285 3283 309 3345 εἰ
325 3281 354 3344 δὲ
369 3287 470 3346 ταῦτα
485 3281 570 3345 πένθ’
585 3279 667 3353 οὗτος
686 3281 773 3366 [ὅστε
788 3284 937 3368 γενέσθαι]
955 3285 1013 3367 ἷδέρι
1027 3287 1254 3365 διαπέπρακται.

165 3388 289 3451 Excidit
311 3399 397 3453 mm
421 3396 491 3451 ante
516 3398 596 3453 nm.
829 3383 831 3387 ’

209 3500 226 3580 ξ
250 3501 279 3560 9.
327 3497 413 3561 δεινὸν
444 3493 534 3570 εἶναι,
563 3497 587 3559 εἰ
611 3495 646 3559 δι’
670 3492 716 3569 οὓς
740 3502 757 3573 ἡ
782 3499 960 3580 δημοκρατία
982 3504 1158 3585 κατελύετο,
1183 3499 1256 3567 οὗτοι

164 3609 192 3670 ἐν
216 3610 293 3685 αὐτῇ
319 3608 369 3688 [τῇ
394 3604 541 3685 πολιτεόρι]
569 3603 659 3667 πόλιν
683 3605 824 3685 όιρξοοσιν.
872 3610 1032 3673 Assentior
1054 3610 1195 3674 Bekkero
1218 3620 1256 3692 τῇ

164 3714 298 3795 πολιτεία
323 3712 503 3776 secludenti.

207 3830 260 3895 τῆς
292 3822 420 3896 πόλεως,
453 3819 485 3898 ἣν
516 3823 649 3903 πρότερον
679 3824 906 3903 παραλαβόντες
934 3823 1023 3899 οὕτως
1052 3829 1179 3907 αἰσχρῶς
1205 3829 1255 3892 καὶ

163 3931 255 4001 δεινῶς
278 3931 477 4006 ἐλωβήσαντο.
512 3931 636 3995 Excidit
659 3932 776 4015 aliquid
801 3940 871 3997 ante
891 3935 1138 4013 παραλαβόντες,
1159 3936 1256 3999 veluti

165 4040 303 4115 μερόλκν
329 4038 379 4102 καὶ
403 4041 564 4116 ὀνομαστήν
588 4040 636 4103 vel
660 4040 759 4104 similo
783 4041 876 4123 quid;
908 4065 980 4121 nam
1004 4045 1069 4107 sine
1092 4045 1130 4107 iis
1155 4068 1257 4129 super·

96 4125 99 4134 Ι
166 4169 332 4212 vacaneum
357 4156 403 4210 est
426 4149 667 4229 παραλαβόντες.

212 4259 229 4339 ξ
255 4261 304 4320 lo.
351 4259 375 4321 εἰ
401 4258 455 4335 μέν
483 4258 516 4333 δὴ
543 4259 709 4335 βουλεύσων
733 4261 790 4326 νυνὶ
814 4260 998 4341 ἐδοκιμάζετο
1020 4262 1070 4326 καὶ
1094 4265 1131 4334 ὥς
1154 4264 1258 4326 ἱππεν·
