2850 5024
679 402 741 463 145

206 599 223 680 ξ
247 600 277 660 6.
323 594 403 668 οὗτος
434 597 464 662 δὲ
490 603 599 677 πρῶτον
627 598 681 674 μὲν
704 595 797 678 ίιρξας
820 600 849 662 ἐν
872 597 1001 677 Ὠρωπῷ
1023 598 1090 663 οὔτε
1112 596 1257 677 προῦδωκε

162 706 212 769 καί
236 707 335 784 ἑτέραν
357 710 509 773 πολιτείαν
531 709 714 785 κατέστησε,
734 730 790 792 pro
813 708 869 773 οὔθ’
892 709 991 788 ἑτέραν
1014 724 1112 774 τολιτ.
1151 707 1184 770 Si
1207 705 1257 770 vel

163 817 293 880 maxime
322 819 375 882 καί
403 827 474 902 post
500 818 570 883 οὔτε
602 819 690 902 sequi
720 825 823 901 posset
854 816 949 901 (quod
980 821 1072 901 nego)
1106 818 1259 881 sententia

161 932 266 1003 tamen
281 935 375 990 esset:
394 949 507 1010 „neque
523 924 660 1011 prodidit
675 933 703 990 et
718 948 829 990 novam
844 926 982 989 instituit
998 926 1218 1010 rempublicam
1228 925 1258 1003 ,’'

164 1056 242 1117 quae
265 1057 283 1098 a
305 1035 373 1099 loco
397 1037 498 1101 aliena
520 1045 608 1100 esset.
656 1037 703 1100 De
727 1058 759 1100 re
783 1036 821 1099 cf.
846 1035 944 1099 Thac.
961 1034 1054 1099 VIII.
1081 1038 1132 1100 60.

208 1146 232 1208 οί
263 1146 288 1208 δ’
307 1149 364 1226 οὐχ
392 1148 548 1224 ὑπέμειναν
572 1169 627 1232 pro
651 1147 740 1224 ὑτέμ.
765 1151 817 1221 τὴν
840 1147 938 1225 κρίοιν,
988 1148 1172 1212 Accusativo
1196 1169 1259 1211 non

164 1251 270 1316 addito
292 1255 380 1319 locus
404 1256 568 1341 ambIguus
593 1265 647 1321 est.

211 1365 271 1429 ὁδ’
293 1368 450 1444 ἡγούμενος
472 1368 561 1442 μηδὲν
583 1368 743 1443 ἠδικηκέναι
767 1368 863 1441 δίκην
886 1367 1015 1431 δίδωσι.
1052 1367 1100 1430 Ex
1115 1368 1260 1451 opposito

165 1483 290 1557 apparet
312 1476 378 1554 hic,
403 1477 660 1561 quemadmodum
678 1480 695 1561 p
712 1480 771 1555 22,
789 1478 865 1551 δίκην
881 1477 906 1541 δ.
925 1500 990 1541 esse
1005 1499 1129 1541 causam
1146 1480 1262 1561 deacep-

165 1585 287 1647 tcndum
306 1588 417 1650 audicio
435 1593 620 1671 permittere,
642 1586 725 1670 quod
742 1587 815 1650 alibi
836 1593 883 1650 est
897 1588 979 1658 δικαία
998 1587 1023 1652 δ.
1055 1586 1102 1649 Of.
1120 1586 1262 1649 Bremius

167 1696 206 1759 ad
235 1695 344 1761 Aesch.
376 1696 443 1760 adv.
474 1697 612 1782 Ctesiph.
641 1699 713 1759 124.
760 1695 908 1759 Fueritue
931 1696 1093 1759 damnatus
1118 1718 1157 1758 an
1178 1695 1263 1758 abso-

120 1823 122 1826 ‘
169 1808 252 1870 lutus
276 1830 338 1871 non
362 1808 460 1892 liquet
466 1834 475 1885 3
500 1809 553 1872 sed
577 1809 663 1893 prius
687 1814 723 1870 ut
745 1806 905 1870 credamus
928 1807 1047 1870 faciunt
1069 1806 1160 1870 verba
1184 1827 1264 1889 quae

170 1925 358 2000 sequuntur,
384 1918 497 2002 quibus
521 1918 558 1982 de
581 1918 746 2002 iniquitate
770 1916 956 1980 iudiciorum
979 1916 1127 1999 queritur.

213 2028 263 2092 καί
293 2029 394 2106 ὁμοίας
416 2032 473 2100 τοὶς
495 2030 672 2105 κατηγορίας
692 2034 837 2091 ποιοῦνται
857 2032 912 2091 τῶν
938 2028 966 2089 τ’
989 2025 1124 2090 εἰπόντων
1142 2028 1261 2104 γνώμην

167 2138 248 2202 τινα
271 2139 299 2201 ἐν
321 2149 358 2219 τῇ
381 2139 476 2220 βουλῇ
500 2140 548 2202 καί
572 2145 628 2202 τῶν
651 2140 701 2215 μή.
748 2135 957 2200 Oonfirnditur
987 2135 1038 2198 hic
1062 2137 1194 2200 alterum
1216 2137 1263 2199 iu·

168 2247 302 2326 dicium,
336 2247 419 2330 quod
449 2248 582 2331 pertinet
603 2246 641 2309 ad
665 2246 830 2331 imperium
853 2245 1166 2329 quadringentorum,
1191 2267 1261 2309 cum

168 2359 268 2442 primo
289 2357 327 2421 de
343 2357 440 2443 Oropi
456 2357 646 2442 proditione,
669 2379 747 2440 quae
763 2364 834 2419 ante
850 2355 1092 2440 quadringentos
1108 2356 1188 2418 facta
1204 2363 1260 2419 est.

167 2467 245 2533 Τινοί
274 2468 397 2532 Dobreo
426 2469 487 2531 iam
518 2473 697 2551 suspectum
726 2466 802 2542 fuit3
835 2466 965 2529 coniecit
988 2466 1106 2542 γνώμαν
1129 2465 1196 2529 τινα
1220 2467 1262 2539 μὴ

168 2580 343 2655 ἐπιτηδείαν.
379 2577 500 2640 Minore
524 2598 595 2640 cum
618 2576 788 2639 mutatione
804 2597 859 2660 pro
875 2575 940 2640 τινοί
956 2576 984 2639 ἕν
1000 2575 1099 2659 possis
1116 2578 1259 2640 ἐναντίαν.

169 2691 216 2754 Of.
248 2689 330 2773 quod
354 2688 446 2773 paulo
469 2696 539 2772 post
563 2689 702 2772 sequitur
723 2695 778 2751 τῶν
801 2688 860 2767 γὰρ
883 2686 1029 2762 λεγόντων
1052 2685 1172 2749 ἐναντία
1195 2684 1265 2749 ἐκεί·
1289 2704 1293 2711 ·

168 2824 232 2871 νοις.
279 2799 340 2864 Sed
370 2799 408 2862 de
434 2799 473 2861 iis
498 2820 575 2882 quae
599 2798 753 2882 pertinent
777 2796 815 2860 ad
840 2819 965 2874 causas,
989 2796 1103 2880 quibus
1127 2794 1262 2878 implica·

169 2917 221 2973 tus
245 2910 306 2972 fuit
328 2908 540 2992 Polystratus,
565 2906 658 2992 paulo
682 2913 752 2991 post
776 2927 910 2989 agemus,

155 3084 157 3088 ,
215 3022 232 3104 ᾧ
256 3023 285 3082 8.
331 3020 365 3084 τὸ
388 3017 447 3088 δέος
470 3017 519 3081 καί
545 3018 558 3081 ὅ
581 3016 675 3097 Φόβος
698 3022 753 3080 τῶν
777 3013 956 3080 τετονίίτων
971 3014 1120 3093 οίτέτρετε
1136 3013 1264 3085 τοίντας.

170 3130 254 3194 Male
277 3130 320 3192 sic
344 3151 399 3213 pro
422 3130 435 3193 ὁ
459 3127 554 3210 Φόβος
577 3123 613 3191 ὧν
636 3129 660 3192 ol
683 3127 771 3192 ἄλλοι
795 3125 967 3197 τετονίίτες
991 3122 1073 3201 ἦσαν.
1111 3123 1204 3202 Quod
1221 3145 1268 3186 ve-

171 3263 238 3304 reor
260 3262 299 3302 ne
323 3240 436 3302 frustra
459 3236 619 3300 emendare
643 3259 798 3300 conemur.

216 3352 286 3434 pt).
333 3347 449 3420 τούτους
479 3345 521 3411 ίαν
551 3347 788 3410 καθίσταντο.
835 3345 921 3409 Dure
944 3344 1062 3408 dictum
1086 3366 1141 3428 pro
1164 3341 1269 3422 ίιρχον-

171 3485 227 3532 τας
251 3460 435 3524 καθίσταντο.
482 3454 543 3518 Sed
569 3456 697 3519 fortasse
719 3454 885 3538 legendum
908 3453 1167 3536 οίντικαίίοταντο,
1192 3453 1267 3516 nim.

173 3572 206 3634 in
228 3571 310 3634 locos
333 3567 565 3632 interfectorum
589 3565 627 3628 de
651 3565 764 3648 quibus
789 3564 1034 3649 supradixerat.

219 3683 236 3765 t
261 3684 312 3744 10.
359 3678 408 3743 acl
440 3677 468 3740 ἕν
498 3675 552 3754 μὲν
583 3675 784 3752 ἐβδομήκοντα
814 3675 905 3740 ἔτεσιν
936 3675 1013 3740 οὐδὲν
1042 3671 1203 3751 ἐξήμαρτεν
1230 3673 1269 3741 εἷς

175 3793 268 3869 ὑροῖις,
300 3792 329 3854 ἐν
360 3789 434 3852 ὀκτὼ
464 3784 488 3848 δ’
519 3785 649 3863 ἡμέραις.
696 3783 830 3868 Quoquo
862 3792 893 3847 te
922 3782 1153 3867 interpretando
1177 3781 1269 3844 vertis

175 3907 282 3985 arguta
305 3904 351 3961 est
374 3893 545 3980 oppositi03
571 3915 649 3977 quae
673 3900 775 3957 tamen
800 3893 892 3956 etiam
914 3893 1017 3956 miuus
1041 3892 1142 3976 placet
1165 3890 1192 3953 si
1216 3912 1270 3976 per

175 4009 445 4094 interrogationem
468 4005 616 4088 accipias3
646 4005 689 4067 sic
712 4004 793 4067 enim
817 4003 893 4067 haec
916 4004 1021 4087 inepta
1044 4001 1197 4066 sententia
1220 4023 1269 4065 ex-

177 4123 313 4185 sisteret:
338 4116 460 4181 credine
484 4119 586 4198 potest
610 4135 796 4197 quemquam
811 4135 866 4197 per
881 4113 1078 4196 septuaginta
1098 4132 1192 4174 annos
1209 4132 1271 4173 non

177 4231 358 4314 deliquisse,
389 4225 442 4291 sed
474 4231 545 4287 octo
576 4221 708 4287 dlebus?
753 4221 911 4286 Nimirum
944 4228 980 4284 ut
1010 4221 1083 4284 novi
1112 4217 1272 4302 regiminis

178 4339 370 4426 aliquamdiu
394 4335 495 4399 socius
518 4332 559 4395 sit
582 4339 684 4416 potest
707 4332 740 4394 in
763 4331 930 4394 maximum
954 4337 1032 4394 natu
1056 4329 1181 4407 cadere;
1199 4330 1272 4392 etsi

1115 4444 1154 4500 10
