2850 5024
708 399 750 459 46

187 603 305 659 oratore
336 595 445 682 Lysiae
476 596 595 682 aequali
626 597 752 680 indigna
783 599 853 663 sint.
901 596 981 662 Vide
1004 600 1079 664 mihi
1103 603 1207 666 statim
1231 604 1277 668 in-

186 709 299 772 sulsam
331 708 415 772 illam
447 709 704 772 enumerationem
736 711 895 794 regionrnu
925 713 942 795 q
973 714 1009 774 6:
1039 711 1142 777 ἔπειτα
1170 715 1201 777 δὲ
1224 715 1275 780 καὶ

185 819 329 900 διώχληκε
359 823 457 893 πόλεις
483 823 599 893 πολλὰς
622 824 650 885 ἐν
672 831 710 903 τῇ
732 823 899 906 ἀποδημία,
933 825 1087 900 Σικελίαν,
1120 827 1274 909 Ἰταλίαν,

184 933 413 1016 Πελοπόννησον,
438 934 624 1010 Θετταλίαν,
650 934 872 1017 Ἑλλήςπιιιται,
892 937 1017 1018 Ἰωνίαν,
1034 936 1153 1017 Κύπρον.
1194 935 1277 1000 Oen·

184 1054 244 1108 stat
276 1044 359 1114 πόλις
391 1043 428 1108 de
460 1044 563 1107 insula
593 1043 654 1107 dici
678 1044 772 1108 veluti
801 1047 894 1109 Arist.
919 1046 990 1110 Pac.
1017 1050 1099 1124 251;
1124 1046 1176 1109 isti
1200 1069 1275 1110 vero

183 1157 281 1220 simile
305 1155 493 1240 exemplum,
512 1155 564 1219 ubi
588 1155 704 1219 scilicet
727 1154 810 1227 πόλις
833 1156 953 1222 dicatur
972 1159 1010 1222 de
1025 1159 1166 1243 regione,
1191 1181 1274 1242 quae

182 1269 284 1353 plures
308 1268 374 1352 ipsa
396 1271 529 1332 civitates
551 1266 779 1350 complectitur,
805 1290 957 1353 nusquam
980 1290 1019 1331 ne
1042 1269 1123 1353 apud
1146 1278 1273 1354 poetam

182 1379 305 1464 quidem
324 1380 492 1442 inventum.
527 1375 606 1440 Tum
627 1378 716 1441 etiam
738 1377 882 1442 historica
904 1377 1082 1442 difficultate
1105 1380 1180 1444 haec
1204 1403 1274 1465 pre-

181 1497 325 1567 muntur3
356 1512 426 1552 nam
450 1495 486 1551 ut
508 1487 583 1552 haec
606 1488 643 1551 ad
667 1492 826 1572 legationes
850 1490 1023 1573 pertineant
1046 1491 1083 1554 ab
1106 1491 1273 1555 Andocide

109 1668 112 1675 ,
180 1608 250 1664 ante
274 1600 413 1663 exsilium
437 1606 591 1683 susceptas
615 1601 703 1682 (quae
727 1599 903 1663 Ruhnkenii
928 1603 1081 1666 sententia
1104 1606 1179 1686 erat)
1204 1625 1272 1666 ver-

179 1712 253 1775 bum
276 1711 425 1788 ἀποδημία
449 1733 510 1775 non
535 1711 701 1796 permittit3
726 1733 795 1774 nam
817 1719 871 1775 aut
886 1712 987 1797 ipsum
1004 1714 1163 1792 πρεσβείαις
1180 1736 1271 1778 voea-

178 1823 286 1888 bulum
318 1830 382 1885 erat
412 1822 621 1907 usurpandum
646 1831 700 1885 aut
723 1821 807 1885 aliud
829 1823 1010 1888 invidiosius
1039 1847 1132 1909 quam
1157 1825 1270 1901 ἀποδη-

176 1936 243 2012 μία.
290 1934 448 1998 Praeterea
470 1935 581 1997 mirum
603 1935 704 1997 ineas
729 1935 810 2018 ipsas
827 1935 964 2018 regiones
984 1936 1119 2020 legatum
1135 1938 1267 2002 missum

124 2106 129 2115 ,
177 2047 269 2110 luisse
298 2045 485 2110 Andocidem
496 2073 505 2123 ;
538 2068 631 2131 quare
654 2045 909 2130 Wyttenbachius
942 2049 1062 2133 putavit
1088 2048 1268 2112 confudisse

175 2157 225 2220 hle
256 2164 407 2222 auctorem
440 2159 698 2242 peregrinationes
730 2166 760 2220 et
783 2157 950 2242 legationes
975 2158 1067 2242 (Bibl.
1097 2157 1172 2222 Orit.
1199 2158 1264 2224 ΙΙΙ.

176 2271 205 2332 3.
239 2293 267 2353 p.
302 2271 365 2353 78).
411 2268 534 2332 Scilicet
564 2269 596 2331 in
629 2267 780 2345 Siciliam,
812 2267 952 2345 ltaliam,
986 2269 1046 2333 alio
1073 2269 1194 2354 legatus
1218 2278 1267 2334 est

174 2379 252 2463 (adv.
277 2379 345 2443 Alc.
369 2379 440 2463 41),
472 2379 504 2442 in
536 2377 669 2462 Cyprum
699 2386 769 2462 post
792 2378 917 2442 exilium
941 2381 1150 2464 peregrinatus
1174 2381 1262 2464 (inf.

173 2492 272 2575 §th
306 2492 370 2575 28).
418 2489 476 2553 Sed
508 2490 597 2553 mitto
628 2489 707 2552 hanc
730 2488 958 2568 difficultatem,
991 2513 1068 2576 quae
1098 2492 1174 2556 milri
1198 2515 1262 2557 non

173 2602 304 2664 maxima
334 2600 455 2664 videtur
462 2626 471 2678 ;
503 2623 603 2685 neque
633 2600 757 2664 omnino
788 2603 980 2686 propositum
1013 2611 1077 2680 est,
1110 2602 1148 2666 de
1171 2603 1263 2668 factis

172 2713 205 2776 in
229 2712 340 2796 quibus
364 2718 499 2775 versetur
526 2712 622 2775 oratio
646 2735 811 2796 exponere,
844 2713 881 2778 de
904 2715 1016 2799 quibus
1039 2715 1072 2778 in
1096 2720 1263 2802 utramque

170 2833 286 2909 partem
310 2847 327 2888 a
350 2824 483 2887 Sluitero
508 2834 538 2887 et
561 2823 748 2889 Hoelschero
772 2824 816 2887 ita
838 2824 957 2890 dictum
981 2832 1043 2902 est,
1067 2832 1105 2889 ut
1126 2836 1263 2891 resecta

170 2935 318 2999 videatur.
366 2934 473 2999 Sobrio
506 2935 608 3019 potius
638 2934 753 2998 iudicio
785 2957 861 3019 opus
885 2944 948 3013 est,
981 2958 1073 3020 qnam
1096 2958 1175 3000 nova
1199 2962 1263 3002 ma·

170 3047 263 3111 teriae
294 3047 414 3111 dudum
438 3046 582 3110 collectae
605 3047 813 3131 dispositione.
861 3046 1012 3132 Equidem
1036 3069 1141 3121 vereor
1163 3072 1203 3113 ne
1226 3052 1260 3115 in

168 3158 355 3236 rationibus,
393 3159 504 3242 quibus
538 3158 697 3223 historicas
732 3159 926 3224 difficultates
950 3157 1104 3224 removere
1128 3170 1261 3225 conatur

168 3268 388 3347 Hoelsoherus,
404 3277 492 3333 tanta
507 3270 595 3354 copia
610 3271 650 3333 sit
665 3271 728 3334 veri
744 3271 907 3348 similium,
925 3279 962 3335 ut
977 3292 1047 3335 vera
1063 3273 1127 3336 sint
1141 3294 1239 3356 pauca
1248 3300 1258 3352 ;

168 3405 237 3445 nam
265 3402 430 3446 concursus
465 3380 631 3444 multarum
662 3403 763 3445 rerum
787 3383 884 3465 magis
911 3382 1050 3446 minusve
1074 3382 1258 3463 dubiarum,

167 3493 204 3556 de
235 3493 347 3578 quibus
379 3491 457 3556 nihil
488 3492 583 3575 possit
614 3491 745 3575 amplius
774 3491 973 3555 demonstrari
997 3493 1055 3555 nisi
1079 3516 1141 3555 non
1165 3494 1258 3577 plane

165 3604 227 3668 veri
262 3627 326 3668 esse
358 3603 537 3680 dissimiles,
576 3603 740 3667 admodum
771 3602 980 3688 improbabilis
1012 3610 1067 3667 est.
1122 3605 1255 3671 Etiamsi

164 3715 259 3799 igitur
290 3715 323 3778 iu
354 3714 482 3799 singulis
515 3714 667 3799 plerisque
698 3736 761 3777 rem
790 3736 821 3777 se
845 3713 955 3777 habere
974 3737 1083 3798 porse,
1109 3718 1257 3798 quemad-

163 3826 289 3890 modum
307 3825 492 3889 Hoelschero
509 3824 662 3902 videatur,
687 3823 878 3909 largiendum
895 3824 949 3901 sit,
975 3836 1010 3888 ιιι
1026 3834 1134 3888 auctor
1149 3850 1255 3893 rerum

126 3963 134 3968 ·
163 3937 337 4023 aequalium
372 3937 529 4022 imperitus
561 3935 690 4000 subinde
720 3936 914 4014 titubaverit,
951 3944 1052 4000 tamen
1084 3960 1145 4001 non
1179 3962 1252 4004 eum

162 4049 271 4113 vicisse
295 4047 549 4124 existimabimus,
574 4055 722 4110 oratorem
747 4046 912 4111 identidem
935 4048 967 4111 in
991 4048 1095 4113 eadem
1112 4051 1252 4116 oratione

162 4162 292 4246 turpiter
315 4182 411 4224 errare
435 4158 584 4222 derebus
610 4157 700 4242 vulgo
723 4159 804 4222 notis
828 4160 962 4242 potuisse
987 4161 1035 4242 (cf.
1061 4184 1086 4226 e.
1110 4183 1139 4245 g.
1157 4161 1252 4226 Hoel-

162 4272 258 4336 scher.
283 4295 312 4357 p.
339 4274 389 4335 62.
415 4275 435 4334 4
459 4279 488 4333 et
513 4272 531 4332 5
556 4270 613 4333 sub
636 4270 751 4354 finem).
788 4270 882 4333 Mitto
904 4270 998 4354 igitur
1015 4277 1197 4355 argumenta
1213 4297 1250 4338 ex

162 4383 289 4448 historia
322 4383 434 4468 petita3
465 4387 586 4444 tantum
610 4378 688 4443 addo
711 4382 728 4464 b
751 4382 792 4442 46
817 4380 902 4445 πλέον
926 4380 942 4455 ἢ
967 4382 1174 4463 τετταράκοντ’
1198 4384 1249 4461 ἔτη
