2850 5024
684 404 747 464 220

170 605 201 661 et
217 599 315 662 multa
332 598 391 661 alia
407 608 551 661 conatum
571 599 701 662 actionis
717 601 878 683 significat.
911 600 947 663 In
965 599 1076 663 Cobeti
1092 607 1125 662 ct
1141 598 1265 662 Scheihi

169 707 229 790 (ed.
259 711 287 791 l)
311 708 443 771 lectione
471 711 577 779 οιύτούς
600 711 717 781 τούτους
742 711 877 773 otiosum
900 709 977 772 mihi
1001 708 1125 772 videtur
1149 689 1265 780 οιύτούς.

170 818 207 881 In
239 818 366 903 reliquis
398 840 476 900 quae
506 818 586 881 inest
613 821 766 885 sententia
789 820 898 883 similis
923 828 969 882 est
993 820 1038 897 ei,
1063 840 1158 901 qnam
1183 818 1267 880 inve·

168 929 271 990 nimus
294 928 325 990 in
347 928 586 992 orationessunt
610 929 732 1000 Φίλωνος
751 930 822 1014 (31)
841 933 901 992 83ι
928 928 1012 1006 μόνος
1039 911 1088 1008 δύ’,
1109 924 1132 991 ὦ
1151 927 1264 1008 βουλή,

167 1039 279 1108 δικοιίιος
310 1037 367 1102 οὐδ’
394 1036 430 1101 ta
459 1038 642 1113 οὶγοινιικτούν
674 1040 716 1114 μὴ
746 1040 863 1118 τυχών,
895 1039 967 1101 nim.
998 1037 1115 1115 Philo,
1141 1037 1178 1101 de
1203 1058 1265 1122 quo

167 1147 323 1223 δοκιμιιούιι
347 1147 487 1210 habetur.
536 1147 649 1224 „Solus
681 1148 730 1211 hic
754 1158 818 1226 est,
843 1149 898 1232 qui
921 1151 1027 1231 (quum
1055 1169 1108 1211 vos
1133 1147 1210 1211 olim
1233 1147 1263 1209 in

165 1256 333 1340 „periculis
357 1256 538 1338 deseruerit)
562 1280 600 1321 ne
623 1258 690 1342 ipse
714 1258 838 1342 quidem
861 1260 929 1322 iure
945 1259 1043 1341 possit
1059 1280 1151 1342 aegre
1167 1258 1262 1334 ferre,

166 1368 215 1442 „si
248 1367 310 1429 voti
342 1389 465 1450 compos
497 1390 557 1430 non
592 1368 716 1432 fuerit.”
760 1368 881 1440 Τούτοις
912 1369 1031 1448 πρώτοις
1064 1369 1202 1450 pertinet
1226 1368 1263 1431 ad

165 1477 387 1559 deprecatores.
435 1476 494 1541 Sed
520 1479 630 1541 mirum
656 1479 883 1563 quodammodo
908 1486 955 1543 est
970 1479 1208 1542 incitamentum
1226 1479 1263 1542 ad

166 1587 375 1663 severitatem
407 1588 458 1650 isti
490 1588 515 1650 si
548 1588 686 1653 studiose
709 1599 740 1653 et
763 1590 841 1652 serio
866 1590 1037 1674 (προθύμως)
1061 1589 1263 1654 defenderent

166 1694 406 1773 Nicomachum,
440 1719 500 1760 non
534 1700 701 1781 exspectari
735 1707 870 1784 poterat,
904 1707 940 1762 ut
970 1707 1040 1763 ante
1065 1722 1172 1763 omnes
1195 1699 1263 1763 reli·

166 1828 242 1887 quos
274 1805 434 1870 laudarent
458 1808 753 1871 condemnationem.
800 1807 880 1871 Tum
905 1808 997 1871 etiam
1020 1808 1158 1890 reliquos
1183 1830 1263 1871 com-

164 1918 325 1980 memorari
353 1940 407 2001 par
435 1926 499 1981 erat
524 1940 656 2003 quornm
680 1918 832 1981 iudicium
856 1918 956 2001 pluris
980 1917 1159 1980 laciendum
1183 1926 1262 1980 esset

165 2048 255 2109 quam
282 2026 524 2110 deprecatorum.
572 2027 714 2091 Fortasse
738 2028 770 2090 in
795 2028 904 2098 τούτοις
928 2027 1047 2107 τούτοις
1071 2027 1160 2090 aliud
1184 2027 1260 2111 quid

167 2138 261 2216 latet,
295 2139 385 2223 quale
416 2139 447 2201 in
477 2141 630 2222 Agoratea
652 2141 669 2220 d
693 2143 752 2204 as:
777 2139 978 2208 instruaris
1003 2142 1114 2202 τοῖσιν
1139 2138 1261 2217 dotrul-

164 2272 248 2318 ποις
277 2248 373 2323 δόξετε
404 2250 502 2313 δι’κοιιοι
533 2249 582 2313 κού
615 2247 680 2313 ύοιοι
709 2249 899 2329 &amisardus
935 2249 982 2330 (ut
1013 2248 1164 2331 scriptum
1188 2247 1270 2311 olim.

165 2359 258 2421 fuerit
280 2369 340 2430 τοῖς
363 2383 440 2422 τ...
464 2360 594 2443 ρύτοις),
612 2366 667 2422 aut
683 2358 833 2442 quaedam
849 2366 918 2442 post
934 2357 1052 2436 τούτοις
1069 2357 1259 2422 exciderunt.

211 2468 269 2531 His
292 2469 389 2552 igitur
416 2469 604 2546 emendatis,
629 2476 685 2531 aut
709 2477 806 2544 certe,
832 2474 941 2551 utpote
964 2467 1135 2550 corruptis,
1160 2468 1192 2530 in
1217 2468 1262 2531 in·

163 2579 242 2642 dicio
274 2580 399 2643 ferendo
431 2581 591 2664 sepositis,
623 2580 702 2643 nihil
733 2579 873 2655 invenio,
903 2577 985 2662 quod
1009 2576 1121 2660 Lysiae
1146 2578 1261 2640 rationi

160 2698 321 2773 repugnet.
366 2690 573 2754 Inveniuntur
601 2713 674 2753 sane
697 2691 731 2752 in
754 2689 919 2773 Epicratca
942 2695 973 2750 et
996 2686 1099 2750 Prima
1122 2686 1156 2748 in
1178 2686 1260 2748 Alci·

161 2798 282 2863 biadem
304 2800 464 2864 nonnullis
488 2800 562 2864 locis
588 2799 694 2864 eadem
719 2806 811 2883 atque
833 2799 866 2861 in
883 2796 1108 2873 Nicomachea,
1129 2795 1183 2859 sed
1200 2796 1260 2880 pri·

163 2933 246 2974 mum
279 2910 350 2973 illae
375 2912 526 2974 orationes
550 2909 649 2974 nihilo
673 2909 814 2973 meliores
839 2915 912 2970 sunt
935 2913 1057 2981 nostra3
1083 2912 1151 2966 tum
1176 2904 1260 2988 quod

164 3021 224 3083 loci
255 3043 432 3085 communes
456 3022 659 3085 inveniuntur
682 3020 801 3083 nullam
824 3016 917 3081 hab'et
941 3016 1003 3078 vim
1027 3013 1262 3077 demonstrandi

165 3131 224 3194 nisi
246 3130 338 3194 simul
361 3131 559 3209 ostendatur,
584 3129 684 3193 alieno
712 3128 780 3192 loco
805 3149 870 3191 esse
894 3125 1110 3209 interpositos,
1132 3132 1170 3188 nt
1193 3145 1262 3208 pro·

164 3241 240 3303 dant
271 3241 487 3303 dormitantem
519 3247 573 3303 aut
602 3241 743 3323 ineptum
775 3238 945 3319 rhetorem,
979 3236 1034 3317 qui
1057 3234 1140 3297 locos
1165 3233 1262 3296 unde·

122 3381 124 3386 ·
165 3373 285 3434 cunque
316 3357 479 3434 congerat,
513 3357 548 3414 ut
578 3350 696 3413 iustum
729 3348 877 3412 ambitum
910 3346 1093 3410 declamatio
1116 3345 1259 3430 accipiat.

164 3461 237 3525 Tale
267 3461 342 3544 quid
375 3460 515 3544 equidem
548 3481 700 3542 nusquam
733 3458 784 3522 hic
808 3456 1022 3542 deprehendo,
1046 3477 1103 3519 nec
1127 3455 1181 3518 alii
1209 3455 1261 3519 de-

164 3571 408 3657 prehenderunt,
433 3573 458 3633 si
482 3570 605 3634 recedas
630 3593 648 3633 a
670 3569 810 3646 Dobreo,
836 3569 886 3631 cui
910 3569 1059 3631 transitus
1083 3565 1122 3629 ad
1138 3567 1257 3630 lurtum

162 3685 178 3766 q
210 3684 251 3746 23
282 3683 374 3745 nimis
407 3682 557 3766 abruptus
585 3680 764 3756 videbatnr;
790 3678 871 3742 idem
895 3684 997 3740 tamen
1021 3677 1054 3738 in
1077 3676 1258 3739 universum

163 3793 332 3856 orationem
368 3792 477 3876 prohat
508 3791 557 3874 (ef.
591 3790 629 3853 ad
661 3790 729 3852 init.
762 3811 792 3872 p.
827 3790 912 3871 255).
960 3787 999 3850 ln
1030 3786 1157 3869 reliquis
1185 3794 1260 3849 sunt

163 3901 271 3964 acerba
295 3908 325 3964 et
349 3909 447 3965 acuta.
496 3899 568 3963 Non
593 3905 666 3962 sunt
690 3898 862 3962 rhetoricae
885 3895 1119 3960 declamationis
1144 3894 1260 3957 similia

163 4014 180 4096 q
213 4014 229 4075 7
262 4017 318 4076 τῶν
344 4016 465 4074 τοιοιύτοι
488 4009 632 4084 λεγόντων
655 4033 682 4072 κ.
707 4031 735 4072 τ.
760 4008 790 4081 ἑ,
814 4029 892 4091 quac
917 4028 952 4068 ex
977 4004 1124 4088 temporis
1148 4026 1258 4087 oppor-

163 4122 299 4185 tunitate
323 4121 431 4207 hausta
455 4119 570 4202 optime
588 4116 783 4180 illustrantur
808 4123 837 4178 et
861 4113 1101 4198 comprobantur
1118 4114 1260 4176 oratione

165 4233 308 4295 vicesima
332 4232 440 4316 quinta
448 4256 457 4307 ;
481 4231 496 4312 ξ
524 4231 579 4290 13;
605 4227 676 4297 εἰκὸς
701 4228 792 4291 τοίνυν
815 4227 993 4303 ἒνύνμεῑούοιι
1017 4250 1044 4290 ιι.
1057 4249 1086 4290 τ.
1100 4225 1141 4300 ἐς
1163 4227 1259 4308 §thr

163 4344 209 4414 τίς
231 4339 277 4407 οὖν
299 4348 372 4416 τῶν,
397 4366 423 4406 κ.
447 4366 475 4409 τ,
499 4340 522 4410 ὲ.
561 4337 767 4404 Acerbissima
791 4344 865 4400 sunt
889 4335 941 4400 sed
966 4357 1036 4401 vera
1059 4356 1139 4424 quae
1160 4333 1199 4402 de
1215 4356 1262 4401 se·
