<?xml version="1.0" encoding="UTF-8"?>
<!DOCTYPE html PUBLIC "-//W3C//DTD XHTML 1.0 Transitional//EN"
    "http://www.w3.org/TR/xhtml1/DTD/xhtml1-transitional.dtd">
<html xmlns="http://www.w3.org/1999/xhtml" xml:lang="en" lang="en">
 <head>
  <title>
</title>
<meta http-equiv="Content-Type" content="text/html;charset=utf-8" />
  <meta name='ocr-system' content='tesseract 3.04.00' />
  <meta name='ocr-capabilities' content='ocr_page ocr_carea ocr_par ocr_line ocrx_word'/>
</head>
<body>
  <div class='ocr_page' id='page_1' title='image "./commentationesl00frangoog_0229.png"; bbox 0 0 2850 5024; ppageno 0'>
   <div class='ocr_carea' id='block_1_1' title="bbox 635 423 698 484">
    <p class='ocr_par' dir='ltr' id='par_1_1' title="bbox 635 423 698 484">
     <span class='ocr_line' id='line_1_1' title="bbox 635 423 698 484; baseline 0.032 -2"><span class='ocrx_word' id='word_1_1' title='bbox 635 423 698 484; x_wconf 84' lang='grc'>217</span> 
     </span>
    </p>
   </div>
   <div class='ocr_carea' id='block_1_2' title="bbox 80 619 1227 3678">
    <p class='ocr_par' dir='ltr' id='par_1_2' title="bbox 116 619 1216 1237">
     <span class='ocr_line' id='line_1_2' title="bbox 125 619 1213 703; baseline 0 -23"><span class='ocrx_word' id='word_1_2' title='bbox 125 619 253 683; x_wconf 88' lang='lat' dir='ltr'>deorum</span> <span class='ocrx_word' id='word_1_3' title='bbox 285 620 402 703; x_wconf 88' lang='lat' dir='ltr'>aliquid</span> <span class='ocrx_word' id='word_1_4' title='bbox 434 643 576 683; x_wconf 87' lang='lat' dir='ltr'>novarem</span> <span class='ocrx_word' id='word_1_5' title='bbox 601 629 632 683; x_wconf 90' lang='lat' dir='ltr'>et</span> <span class='ocrx_word' id='word_1_6' title='bbox 655 622 783 682; x_wconf 85' lang='lat' dir='ltr'>fortasse</span> <span class='ocrx_word' id='word_1_7' title='bbox 807 619 845 683; x_wconf 89' lang='lat' dir='ltr'>de</span> <span class='ocrx_word' id='word_1_8' title='bbox 869 619 1040 682; x_wconf 85' lang='lat' dir='ltr'>honoribus</span> <span class='ocrx_word' id='word_1_9' title='bbox 1065 619 1213 681; x_wconf 88' lang='lat' dir='ltr'>maiorum</span> 
     </span>
     <span class='ocr_line' id='line_1_3' title="bbox 116 730 1214 813; baseline -0.001 -22"><span class='ocrx_word' id='word_1_10' title='bbox 116 731 261 792; x_wconf 89' lang='lat' dir='ltr'>instituto</span> <span class='ocrx_word' id='word_1_11' title='bbox 278 730 389 793; x_wconf 89' lang='lat' dir='ltr'>debitis</span> <span class='ocrx_word' id='word_1_12' title='bbox 406 731 611 808; x_wconf 68' lang='lat' dir='ltr'>detraherem</span> <span class='ocrx_word' id='word_1_13' title='bbox 629 754 712 794; x_wconf 91' lang='lat' dir='ltr'>nunc</span> <span class='ocrx_word' id='word_1_14' title='bbox 730 738 831 794; x_wconf 86' lang='lat' dir='ltr'>vetera</span> <span class='ocrx_word' id='word_1_15' title='bbox 848 740 878 794; x_wconf 94' lang='lat' dir='ltr'>et</span> <span class='ocrx_word' id='word_1_16' title='bbox 895 753 953 793; x_wconf 90' lang='lat' dir='ltr'>usu</span> <span class='ocrx_word' id='word_1_17' title='bbox 972 730 1100 813; x_wconf 87' lang='lat' dir='ltr'>probata</span> <span class='ocrx_word' id='word_1_18' title='bbox 1115 735 1214 791; x_wconf 90' lang='lat' dir='ltr'>tueor·</span> 
     </span>
     <span class='ocr_line' id='line_1_4' title="bbox 119 837 1213 923; baseline 0 -23"><span class='ocrx_word' id='word_1_19' title='bbox 119 839 236 902; x_wconf 76' lang='lat' dir='ltr'>acerbe</span> <span class='ocrx_word' id='word_1_20' title='bbox 267 842 342 904; x_wconf 89' lang='lat' dir='ltr'>haec</span> <span class='ocrx_word' id='word_1_21' title='bbox 373 842 405 904; x_wconf 90' lang='lat' dir='ltr'>in</span> <span class='ocrx_word' id='word_1_22' title='bbox 438 842 645 905; x_wconf 85' lang='lat' dir='ltr'>adversarium</span> <span class='ocrx_word' id='word_1_23' title='bbox 674 841 785 904; x_wconf 89' lang='lat' dir='ltr'>coniici</span> <span class='ocrx_word' id='word_1_24' title='bbox 810 839 906 903; x_wconf 90' lang='lat' dir='ltr'>videri</span> <span class='ocrx_word' id='word_1_25' title='bbox 930 846 1073 923; x_wconf 82' lang='lat' dir='ltr'>possent,</span> <span class='ocrx_word' id='word_1_26' title='bbox 1098 837 1124 899; x_wconf 90' lang='lat' dir='ltr'>si</span> <span class='ocrx_word' id='word_1_27' title='bbox 1148 838 1213 921; x_wconf 89' lang='lat' dir='ltr'>ipse</span> 
     </span>
     <span class='ocr_line' id='line_1_5' title="bbox 120 947 1216 1032; baseline 0 -21"><span class='ocrx_word' id='word_1_28' title='bbox 120 949 161 1013; x_wconf 89' lang='lat' dir='ltr'>N.</span> <span class='ocrx_word' id='word_1_29' title='bbox 192 950 230 1014; x_wconf 91' lang='lat' dir='ltr'>de</span> <span class='ocrx_word' id='word_1_30' title='bbox 252 952 416 1032; x_wconf 72' lang='grc' dir='ltr'><em>οένοοηρκφῇ</em></span> <span class='ocrx_word' id='word_1_31' title='bbox 443 952 585 1029; x_wconf 88' lang='lat' dir='ltr'>tulisset,</span> <span class='ocrx_word' id='word_1_32' title='bbox 611 951 664 1015; x_wconf 91' lang='lat' dir='ltr'>sed</span> <span class='ocrx_word' id='word_1_33' title='bbox 688 951 720 1015; x_wconf 92' lang='lat' dir='ltr'>id</span> <span class='ocrx_word' id='word_1_34' title='bbox 744 974 812 1014; x_wconf 89' lang='lat' dir='ltr'>cum</span> <span class='ocrx_word' id='word_1_35' title='bbox 838 973 925 1014; x_wconf 89' lang='lat' dir='ltr'>secus</span> <span class='ocrx_word' id='word_1_36' title='bbox 949 950 1004 1024; x_wconf 87' lang='lat' dir='ltr'>sit,</span> <span class='ocrx_word' id='word_1_37' title='bbox 1028 948 1107 1011; x_wconf 86' lang='lat' dir='ltr'>nihil</span> <span class='ocrx_word' id='word_1_38' title='bbox 1131 947 1216 1011; x_wconf 90' lang='lat' dir='ltr'>adiu·</span> 
     </span>
     <span class='ocr_line' id='line_1_6' title="bbox 121 1058 1216 1143; baseline -0.002 -22"><span class='ocrx_word' id='word_1_39' title='bbox 121 1068 194 1123; x_wconf 82' lang='lat' dir='ltr'>rant</span> <span class='ocrx_word' id='word_1_40' title='bbox 217 1063 400 1125; x_wconf 87' lang='lat' dir='ltr'>sententiam</span> <span class='ocrx_word' id='word_1_41' title='bbox 423 1061 516 1125; x_wconf 84' lang='lat' dir='ltr'>verba</span> <span class='ocrx_word' id='word_1_42' title='bbox 538 1062 592 1125; x_wconf 87' lang='lat' dir='ltr'>illa</span> <span class='ocrx_word' id='word_1_43' title='bbox 614 1063 677 1140; x_wconf 78' lang='grc' dir='ltr'>περὶ</span> <span class='ocrx_word' id='word_1_44' title='bbox 702 1070 754 1135; x_wconf 75' lang='grc' dir='ltr'>τῆς</span> <span class='ocrx_word' id='word_1_45' title='bbox 777 1064 967 1143; x_wconf 73' lang='grc' dir='ltr'><em>οὶνοογροιφῆς.</em></span> <span class='ocrx_word' id='word_1_46' title='bbox 1002 1058 1142 1121; x_wconf 81' lang='lat' dir='ltr'>Turbant</span> <span class='ocrx_word' id='word_1_47' title='bbox 1166 1080 1216 1141; x_wconf 90' lang='lat' dir='ltr'>po-</span> 
     </span>
     <span class='ocr_line' id='line_1_7' title="bbox 122 1171 763 1237; baseline 0.005 -4"><span class='ocrx_word' id='word_1_48' title='bbox 122 1171 184 1234; x_wconf 89' lang='lat' dir='ltr'>tius</span> <span class='ocrx_word' id='word_1_49' title='bbox 208 1172 397 1236; x_wconf 87' lang='lat' dir='ltr'>intellectum</span> <span class='ocrx_word' id='word_1_50' title='bbox 422 1181 452 1236; x_wconf 91' lang='lat' dir='ltr'>et</span> <span class='ocrx_word' id='word_1_51' title='bbox 478 1173 588 1237; x_wconf 90' lang='lat' dir='ltr'>melius</span> <span class='ocrx_word' id='word_1_52' title='bbox 612 1172 763 1236; x_wconf 86' lang='lat' dir='ltr'>abessent.</span> 
     </span>
    </p>

    <p class='ocr_par' dir='ltr' id='par_1_3' title="bbox 166 1281 752 1365">
     <span class='ocr_line' id='line_1_8' title="bbox 166 1281 752 1365; baseline 0.007 -23"><span class='ocrx_word' id='word_1_53' title='bbox 166 1282 182 1364; x_wconf 62' lang='lat' dir='ltr'>d</span> <span class='ocrx_word' id='word_1_54' title='bbox 208 1283 258 1344; x_wconf 81' lang='lat' dir='ltr'>la.</span> <span class='ocrx_word' id='word_1_55' title='bbox 306 1281 381 1365; x_wconf 84' lang='lat' dir='ltr'>Leg.</span> <span class='ocrx_word' id='word_1_56' title='bbox 406 1291 459 1357; x_wconf 73' lang='grc' dir='ltr'>τῆς</span> <span class='ocrx_word' id='word_1_57' title='bbox 485 1282 581 1362; x_wconf 78' lang='grc' dir='ltr'><em>τύχης</em></span> <span class='ocrx_word' id='word_1_58' title='bbox 604 1286 636 1359; x_wconf 79' lang='grc' dir='ltr'>γ’</span> <span class='ocrx_word' id='word_1_59' title='bbox 658 1281 752 1346; x_wconf 71' lang='grc' dir='ltr'><em>ἕνεκα.</em></span> 
     </span>
    </p>

    <p class='ocr_par' dir='ltr' id='par_1_4' title="bbox 80 1389 1223 3231">
     <span class='ocr_line' id='line_1_9' title="bbox 166 1389 1216 1478; baseline -0.002 -25"><span class='ocrx_word' id='word_1_60' title='bbox 166 1392 183 1473; x_wconf 64' lang='lat' dir='ltr'>d</span> <span class='ocrx_word' id='word_1_61' title='bbox 209 1394 258 1454; x_wconf 80' lang='lat'>19.</span> <span class='ocrx_word' id='word_1_62' title='bbox 305 1391 427 1455; x_wconf 81' lang='lat' dir='ltr'>Iniuria</span> <span class='ocrx_word' id='word_1_63' title='bbox 451 1400 628 1478; x_wconf 88' lang='lat' dir='ltr'>suspectum</span> <span class='ocrx_word' id='word_1_64' title='bbox 651 1393 785 1477; x_wconf 85' lang='lat' dir='ltr'>Bergkio</span> <span class='ocrx_word' id='word_1_65' title='bbox 805 1393 910 1458; x_wconf 71' lang='grc' dir='ltr'><em>ἔπειτα</em></span> <span class='ocrx_word' id='word_1_66' title='bbox 927 1392 959 1454; x_wconf 89' lang='lat' dir='ltr'>in</span> <span class='ocrx_word' id='word_1_67' title='bbox 975 1391 1040 1454; x_wconf 91' lang='lat' dir='ltr'>his:</span> <span class='ocrx_word' id='word_1_68' title='bbox 1061 1389 1132 1464; x_wconf 73' lang='grc' dir='ltr'>οξξνῶ</span> <span class='ocrx_word' id='word_1_69' title='bbox 1145 1393 1216 1467; x_wconf 78' lang='grc' dir='ltr'><em>πρῶ-</em></span> 
     </span>
     <span class='ocr_line' id='line_1_10' title="bbox 121 1499 1217 1583; baseline 0 -21"><span class='ocrx_word' id='word_1_70' title='bbox 121 1523 168 1562; x_wconf 88' lang='grc' dir='ltr'>τον</span> <span class='ocrx_word' id='word_1_71' title='bbox 201 1501 254 1577; x_wconf 84' lang='grc' dir='ltr'>μὲν</span> <span class='ocrx_word' id='word_1_72' title='bbox 283 1505 375 1567; x_wconf 73' lang='grc' dir='ltr'><em>κοοσοδ</em></span> <span class='ocrx_word' id='word_1_73' title='bbox 396 1506 436 1568; x_wconf 73' lang='grc' dir='ltr'>τοὶ</span> <span class='ocrx_word' id='word_1_74' title='bbox 468 1503 578 1583; x_wconf 79' lang='grc' dir='ltr'><em>ποθσρνκ</em></span> <span class='ocrx_word' id='word_1_75' title='bbox 601 1505 692 1576; x_wconf 85' lang='grc' dir='ltr'><em>θθενν,</em></span> <span class='ocrx_word' id='word_1_76' title='bbox 718 1504 807 1570; x_wconf 80' lang='grc' dir='ltr'><em>ἔπειθ’</em></span> <span class='ocrx_word' id='word_1_77' title='bbox 831 1502 853 1567; x_wconf 75' lang='grc' dir='ltr'><strong><em>ἃ</em></strong></span> <span class='ocrx_word' id='word_1_78' title='bbox 877 1508 993 1580; x_wconf 74' lang='grc' dir='ltr'><em>μᾶλλον</em></span> <span class='ocrx_word' id='word_1_79' title='bbox 1016 1499 1156 1582; x_wconf 74' lang='grc' dir='ltr'>συμφέρει</span> <span class='ocrx_word' id='word_1_80' title='bbox 1180 1508 1217 1579; x_wconf 68' lang='grc' dir='ltr'>τῇ</span> 
     </span>
     <span class='ocr_line' id='line_1_11' title="bbox 122 1608 1218 1696; baseline 0.001 -25"><span class='ocrx_word' id='word_1_81' title='bbox 122 1608 225 1684; x_wconf 77' lang='grc' dir='ltr'><em>πόλει,</em></span> <span class='ocrx_word' id='word_1_82' title='bbox 250 1611 293 1675; x_wconf 80' lang='grc' dir='ltr'>ἔσο</span> <span class='ocrx_word' id='word_1_83' title='bbox 316 1611 340 1675; x_wconf 79' lang='grc' dir='ltr'>δ’</span> <span class='ocrx_word' id='word_1_84' title='bbox 363 1610 385 1677; x_wconf 72' lang='grc' dir='ltr'><em>ἃ</em></span> <span class='ocrx_word' id='word_1_85' title='bbox 408 1614 421 1676; x_wconf 83' lang='lat' dir='ltr'>o‘</span> <span class='ocrx_word' id='word_1_86' title='bbox 445 1615 533 1690; x_wconf 76' lang='grc' dir='ltr'><em>δῆμος</em></span> <span class='ocrx_word' id='word_1_87' title='bbox 556 1616 727 1696; x_wconf 72' lang='grc' dir='ltr'><em>ε’ψηφθσοονο</em></span> <span class='ocrx_word' id='word_1_88' title='bbox 751 1615 800 1679; x_wconf 74' lang='lat' dir='ltr'>aa)</span> <span class='ocrx_word' id='word_1_89' title='bbox 826 1614 1004 1690; x_wconf 68' lang='grc' dir='ltr'><em>δυνησόμεθα</em></span> <span class='ocrx_word' id='word_1_90' title='bbox 1026 1611 1163 1675; x_wconf 77' lang='grc' dir='ltr'><em>δονσοονθον</em></span> <span class='ocrx_word' id='word_1_91' title='bbox 1186 1611 1218 1673; x_wconf 81' lang='grc' dir='ltr'>ἐκ</span> 
     </span>
     <span class='ocr_line' id='line_1_12' title="bbox 120 1721 1219 1808; baseline 0.003 -28"><span class='ocrx_word' id='word_1_92' title='bbox 120 1723 176 1780; x_wconf 78' lang='grc' dir='ltr'>τῶν</span> <span class='ocrx_word' id='word_1_93' title='bbox 211 1721 378 1799; x_wconf 78' lang='grc' dir='ltr'><em>προςνθντυν</em></span> <span class='ocrx_word' id='word_1_94' title='bbox 401 1724 575 1803; x_wconf 68' lang='grc' dir='ltr'><em>χρημάτων.</em></span> <span class='ocrx_word' id='word_1_95' title='bbox 622 1724 695 1789; x_wconf 91' lang='lat' dir='ltr'>Non</span> <span class='ocrx_word' id='word_1_96' title='bbox 719 1725 778 1788; x_wconf 90' lang='lat' dir='ltr'>tria</span> <span class='ocrx_word' id='word_1_97' title='bbox 802 1746 913 1808; x_wconf 84' lang='lat' dir='ltr'>genera</span> <span class='ocrx_word' id='word_1_98' title='bbox 935 1721 1152 1786; x_wconf 87' lang='lat' dir='ltr'>sacrificiorum</span> <span class='ocrx_word' id='word_1_99' title='bbox 1175 1743 1219 1784; x_wconf 91' lang='lat' dir='ltr'>re·</span> 
     </span>
     <span class='ocr_line' id='line_1_13' title="bbox 122 1834 1218 1921; baseline 0 -30"><span class='ocrx_word' id='word_1_100' title='bbox 122 1840 304 1912; x_wconf 81' lang='lat' dir='ltr'>censentur,</span> <span class='ocrx_word' id='word_1_101' title='bbox 329 1835 383 1897; x_wconf 84' lang='lat' dir='ltr'>sed</span> <span class='ocrx_word' id='word_1_102' title='bbox 407 1843 469 1899; x_wconf 88' lang='lat' dir='ltr'>tres</span> <span class='ocrx_word' id='word_1_103' title='bbox 493 1858 621 1913; x_wconf 88' lang='lat' dir='ltr'>causae,</span> <span class='ocrx_word' id='word_1_104' title='bbox 646 1858 740 1921; x_wconf 91' lang='lat' dir='ltr'>quare</span> <span class='ocrx_word' id='word_1_105' title='bbox 764 1837 862 1920; x_wconf 86' lang='lat' dir='ltr'>patria</span> <span class='ocrx_word' id='word_1_106' title='bbox 887 1834 1031 1898; x_wconf 86' lang='lat' dir='ltr'>instituta</span> <span class='ocrx_word' id='word_1_107' title='bbox 1046 1837 1218 1916; x_wconf 84' lang='lat' dir='ltr'>praestent3</span> 
     </span>
     <span class='ocr_line' id='line_1_14' title="bbox 126 1939 1220 2030; baseline 0 -28"><span class='ocrx_word' id='word_1_108' title='bbox 126 1940 256 2005; x_wconf 89' lang='lat' dir='ltr'>colenda</span> <span class='ocrx_word' id='word_1_109' title='bbox 287 1967 371 2008; x_wconf 86' lang='lat' dir='ltr'>sacra</span> <span class='ocrx_word' id='word_1_110' title='bbox 394 1967 410 2007; x_wconf 89' lang='lat' dir='ltr'>a</span> <span class='ocrx_word' id='word_1_111' title='bbox 435 1968 466 2009; x_wconf 92' lang='lat' dir='ltr'>se</span> <span class='ocrx_word' id='word_1_112' title='bbox 490 1947 702 2010; x_wconf 87' lang='lat' dir='ltr'>commendata</span> <span class='ocrx_word' id='word_1_113' title='bbox 725 1947 801 2010; x_wconf 87' lang='lat' dir='ltr'>dicit</span> <span class='ocrx_word' id='word_1_114' title='bbox 823 1946 957 2030; x_wconf 86' lang='lat' dir='ltr'>primum</span> <span class='ocrx_word' id='word_1_115' title='bbox 980 1942 1063 2027; x_wconf 90' lang='lat' dir='ltr'>quod</span> <span class='ocrx_word' id='word_1_116' title='bbox 1087 1965 1105 2005; x_wconf 90' lang='lat' dir='ltr'>a</span> <span class='ocrx_word' id='word_1_117' title='bbox 1128 1939 1220 2024; x_wconf 88' lang='lat' dir='ltr'>patri-</span> 
     </span>
     <span class='ocr_line' id='line_1_15' title="bbox 124 2044 1220 2140; baseline -0.003 -26"><span class='ocrx_word' id='word_1_118' title='bbox 124 2052 182 2115; x_wconf 90' lang='lat' dir='ltr'>bus</span> <span class='ocrx_word' id='word_1_119' title='bbox 206 2054 320 2116; x_wconf 85' lang='lat' dir='ltr'>tradita</span> <span class='ocrx_word' id='word_1_120' title='bbox 344 2055 423 2132; x_wconf 89' lang='lat' dir='ltr'>sint,</span> <span class='ocrx_word' id='word_1_121' title='bbox 450 2064 516 2118; x_wconf 89' lang='lat' dir='ltr'>tum</span> <span class='ocrx_word' id='word_1_122' title='bbox 537 2044 610 2140; x_wconf 86' lang='lat' dir='ltr'>quia</span> <span class='ocrx_word' id='word_1_123' title='bbox 625 2057 721 2140; x_wconf 84' lang='lat' dir='ltr'>magis</span> <span class='ocrx_word' id='word_1_124' title='bbox 738 2056 848 2134; x_wconf 88' lang='lat' dir='ltr'>utilia,</span> <span class='ocrx_word' id='word_1_125' title='bbox 866 2055 998 2137; x_wconf 90' lang='lat' dir='ltr'>denique</span> <span class='ocrx_word' id='word_1_126' title='bbox 1015 2051 1097 2136; x_wconf 90' lang='lat' dir='ltr'>quod</span> <span class='ocrx_word' id='word_1_127' title='bbox 1114 2049 1220 2113; x_wconf 90' lang='lat' dir='ltr'>eadem</span> 
     </span>
     <span class='ocr_line' id='line_1_16' title="bbox 125 2162 1220 2249; baseline -0.003 -24"><span class='ocrx_word' id='word_1_128' title='bbox 125 2185 142 2225; x_wconf 90' lang='lat' dir='ltr'>a</span> <span class='ocrx_word' id='word_1_129' title='bbox 157 2163 272 2247; x_wconf 90' lang='lat' dir='ltr'>populo</span> <span class='ocrx_word' id='word_1_130' title='bbox 289 2165 467 2228; x_wconf 87' lang='lat' dir='ltr'>confirmata</span> <span class='ocrx_word' id='word_1_131' title='bbox 485 2166 547 2229; x_wconf 86' lang='lat' dir='ltr'>sint</span> <span class='ocrx_word' id='word_1_132' title='bbox 565 2188 622 2229; x_wconf 91' lang='lat' dir='ltr'>nec</span> <span class='ocrx_word' id='word_1_133' title='bbox 639 2167 717 2230; x_wconf 83' lang='lat' dir='ltr'>vires</span> <span class='ocrx_word' id='word_1_134' title='bbox 735 2166 867 2238; x_wconf 86' lang='lat' dir='ltr'>civitatis</span> <span class='ocrx_word' id='word_1_135' title='bbox 883 2170 1037 2249; x_wconf 90' lang='lat' dir='ltr'>superent.</span> <span class='ocrx_word' id='word_1_136' title='bbox 1063 2162 1220 2225; x_wconf 87' lang='lat' dir='ltr'>Postrema</span> 
     </span>
     <span class='ocr_line' id='line_1_17' title="bbox 124 2270 1219 2361; baseline -0.003 -26"><span class='ocrx_word' id='word_1_137' title='bbox 124 2273 279 2359; x_wconf 81' lang='lat' dir='ltr'>pertinent</span> <span class='ocrx_word' id='word_1_138' title='bbox 310 2274 349 2337; x_wconf 87' lang='lat' dir='ltr'>ad</span> <span class='ocrx_word' id='word_1_139' title='bbox 380 2277 564 2356; x_wconf 68' lang='grc' dir='ltr'><em>συγγραφάς</em></span> <span class='ocrx_word' id='word_1_140' title='bbox 590 2278 619 2360; x_wconf 59' lang='grc' dir='ltr'>(ᾧ</span> <span class='ocrx_word' id='word_1_141' title='bbox 640 2278 711 2359; x_wconf 86' lang='grc'><strong>21),</strong></span> <span class='ocrx_word' id='word_1_142' title='bbox 737 2277 849 2361; x_wconf 91' lang='lat' dir='ltr'>quibus</span> <span class='ocrx_word' id='word_1_143' title='bbox 874 2275 911 2338; x_wconf 92' lang='lat' dir='ltr'>de</span> <span class='ocrx_word' id='word_1_144' title='bbox 933 2275 1051 2338; x_wconf 87' lang='lat' dir='ltr'>ratione</span> <span class='ocrx_word' id='word_1_145' title='bbox 1075 2278 1106 2335; x_wconf 89' lang='lat' dir='ltr'>et</span> <span class='ocrx_word' id='word_1_146' title='bbox 1129 2270 1219 2333; x_wconf 88' lang='lat' dir='ltr'>modo</span> 
     </span>
     <span class='ocr_line' id='line_1_18' title="bbox 123 2383 1219 2470; baseline -0.004 -22"><span class='ocrx_word' id='word_1_147' title='bbox 123 2386 155 2448; x_wconf 91' lang='lat' dir='ltr'>in</span> <span class='ocrx_word' id='word_1_148' title='bbox 179 2385 287 2469; x_wconf 90' lang='lat' dir='ltr'>patriis</span> <span class='ocrx_word' id='word_1_149' title='bbox 311 2385 405 2447; x_wconf 83' lang='lat' dir='ltr'>sacris</span> <span class='ocrx_word' id='word_1_150' title='bbox 429 2385 618 2449; x_wconf 85' lang='lat' dir='ltr'>observando</span> <span class='ocrx_word' id='word_1_151' title='bbox 642 2387 866 2470; x_wconf 88' lang='lat' dir='ltr'>praescriptum</span> <span class='ocrx_word' id='word_1_152' title='bbox 890 2393 964 2448; x_wconf 89' lang='lat' dir='ltr'>erat.</span> <span class='ocrx_word' id='word_1_153' title='bbox 1003 2383 1063 2447; x_wconf 86' lang='lat' dir='ltr'>Sed</span> <span class='ocrx_word' id='word_1_154' title='bbox 1083 2383 1219 2446; x_wconf 73' lang='grc' dir='ltr'><em>δοονσοονοῖν</em></span> 
     </span>
     <span class='ocr_line' id='line_1_19' title="bbox 122 2492 1219 2572; baseline -0.005 -14"><span class='ocrx_word' id='word_1_155' title='bbox 122 2517 183 2558; x_wconf 92' lang='lat' dir='ltr'>non</span> <span class='ocrx_word' id='word_1_156' title='bbox 214 2501 296 2558; x_wconf 89' lang='lat' dir='ltr'>recte</span> <span class='ocrx_word' id='word_1_157' title='bbox 329 2517 360 2558; x_wconf 91' lang='lat' dir='ltr'>se</span> <span class='ocrx_word' id='word_1_158' title='bbox 391 2495 502 2572; x_wconf 85' lang='lat' dir='ltr'>habet3</span> <span class='ocrx_word' id='word_1_159' title='bbox 530 2518 593 2559; x_wconf 89' lang='lat' dir='ltr'>non</span> <span class='ocrx_word' id='word_1_160' title='bbox 617 2497 698 2560; x_wconf 88' lang='lat' dir='ltr'>enirn</span> <span class='ocrx_word' id='word_1_161' title='bbox 722 2496 873 2561; x_wconf 73' lang='grc' dir='ltr'>ἐδαπάνων</span> <span class='ocrx_word' id='word_1_162' title='bbox 896 2496 953 2567; x_wconf 70' lang='grc' dir='ltr'>τοὶς</span> <span class='ocrx_word' id='word_1_163' title='bbox 977 2496 1077 2565; x_wconf 76' lang='grc' dir='ltr'><strong><em>θυσίαις</em></strong></span> <span class='ocrx_word' id='word_1_164' title='bbox 1101 2492 1155 2555; x_wconf 90' lang='lat' dir='ltr'>sed</span> <span class='ocrx_word' id='word_1_165' title='bbox 1179 2492 1219 2561; x_wconf 78' lang='grc' dir='ltr'>εἰς</span> 
     </span>
     <span class='ocr_line' id='line_1_20' title="bbox 121 2603 1220 2689; baseline -0.005 -21"><span class='ocrx_word' id='word_1_166' title='bbox 121 2606 177 2673; x_wconf 66' lang='lat' dir='ltr'>rote</span> <span class='ocrx_word' id='word_1_167' title='bbox 209 2605 318 2676; x_wconf 80' lang='grc' dir='ltr'><em>θυσθοος.</em></span> <span class='ocrx_word' id='word_1_168' title='bbox 362 2605 411 2668; x_wconf 85' lang='lat' dir='ltr'>Ab</span> <span class='ocrx_word' id='word_1_169' title='bbox 445 2605 610 2689; x_wconf 87' lang='lat' dir='ltr'>interprete</span> <span class='ocrx_word' id='word_1_170' title='bbox 642 2606 795 2670; x_wconf 87' lang='lat' dir='ltr'>adiectum</span> <span class='ocrx_word' id='word_1_171' title='bbox 826 2606 966 2684; x_wconf 88' lang='lat' dir='ltr'>videtur,</span> <span class='ocrx_word' id='word_1_172' title='bbox 994 2605 1048 2687; x_wconf 89' lang='lat' dir='ltr'>qni</span> <span class='ocrx_word' id='word_1_173' title='bbox 1077 2603 1220 2686; x_wconf 88' lang='lat' dir='ltr'>supplere</span> 
     </span>
     <span class='ocr_line' id='line_1_21' title="bbox 122 2713 1218 2801; baseline -0.001 -25"><span class='ocrx_word' id='word_1_174' title='bbox 122 2713 238 2777; x_wconf 89' lang='lat' dir='ltr'>scilicet</span> <span class='ocrx_word' id='word_1_175' title='bbox 268 2714 343 2777; x_wconf 88' lang='lat' dir='ltr'>haec</span> <span class='ocrx_word' id='word_1_176' title='bbox 375 2715 561 2793; x_wconf 88' lang='lat' dir='ltr'>conabatur,</span> <span class='ocrx_word' id='word_1_177' title='bbox 594 2739 673 2801; x_wconf 88' lang='lat' dir='ltr'>quae</span> <span class='ocrx_word' id='word_1_178' title='bbox 703 2717 791 2780; x_wconf 90' lang='lat' dir='ltr'>nullo</span> <span class='ocrx_word' id='word_1_179' title='bbox 819 2716 1035 2801; x_wconf 87' lang='lat' dir='ltr'>supplemento</span> <span class='ocrx_word' id='word_1_180' title='bbox 1062 2713 1203 2797; x_wconf 83' lang='lat' dir='ltr'>indigent</span> <span class='ocrx_word' id='word_1_181' title='bbox 1210 2738 1218 2788; x_wconf 92' lang='lat'>;</span> 
     </span>
     <span class='ocr_line' id='line_1_22' title="bbox 123 2822 1222 2907; baseline -0.002 -19"><span class='ocrx_word' id='word_1_182' title='bbox 123 2824 161 2886; x_wconf 89' lang='lat' dir='ltr'>ad</span> <span class='ocrx_word' id='word_1_183' title='bbox 191 2822 213 2888; x_wconf 76' lang='lat' dir='ltr'>bi</span> <span class='ocrx_word' id='word_1_184' title='bbox 242 2826 256 2889; x_wconf 80' lang='grc' dir='ltr'><em>ὁ</em></span> <span class='ocrx_word' id='word_1_185' title='bbox 280 2825 369 2902; x_wconf 73' lang='grc' dir='ltr'><em>δῆμος</em></span> <span class='ocrx_word' id='word_1_186' title='bbox 392 2827 563 2906; x_wconf 67' lang='grc' dir='ltr'><em>ἐψηφίσατο</em></span> <span class='ocrx_word' id='word_1_187' title='bbox 587 2826 637 2891; x_wconf 76' lang='lat' dir='ltr'>acl</span> <span class='ocrx_word' id='word_1_188' title='bbox 662 2827 839 2904; x_wconf 69' lang='grc' dir='ltr'><em>δυνησόμεθα</em></span> <span class='ocrx_word' id='word_1_189' title='bbox 862 2828 904 2890; x_wconf 82' lang='grc' dir='ltr'>ἐκ.</span> <span class='ocrx_word' id='word_1_190' title='bbox 929 2852 957 2891; x_wconf 74' lang='lat' dir='ltr'>r.</span> <span class='ocrx_word' id='word_1_191' title='bbox 982 2849 1030 2903; x_wconf 81' lang='grc' dir='ltr'>πρ.</span> <span class='ocrx_word' id='word_1_192' title='bbox 1062 2847 1111 2904; x_wconf 80' lang='grc' dir='ltr'>χρ.</span> <span class='ocrx_word' id='word_1_193' title='bbox 1141 2823 1222 2907; x_wconf 84' lang='lat' dir='ltr'>cogi·</span> 
     </span>
     <span class='ocr_line' id='line_1_23' title="bbox 80 2926 1221 3021; baseline -0.001 -25"><span class='ocrx_word' id='word_1_194' title='bbox 80 2926 82 2931; x_wconf 65' lang='grc'><strong>’</strong></span> <span class='ocrx_word' id='word_1_195' title='bbox 124 2933 240 2997; x_wconf 88' lang='lat' dir='ltr'>tatione</span> <span class='ocrx_word' id='word_1_196' title='bbox 263 2935 414 3018; x_wconf 81' lang='lat' dir='ltr'>repetitur</span> <span class='ocrx_word' id='word_1_197' title='bbox 436 2934 516 3000; x_wconf 83' lang='grc' dir='ltr'><em>θθεον.</em></span> <span class='ocrx_word' id='word_1_198' title='bbox 564 2936 686 3021; x_wconf 82' lang='lat' dir='ltr'>Inspice</span> <span class='ocrx_word' id='word_1_199' title='bbox 711 2934 964 3021; x_wconf 63' lang='lat' dir='ltr'>superioraagc</span> <span class='ocrx_word' id='word_1_200' title='bbox 987 2972 1032 2984; x_wconf 90' lang='lat'>—</span> <span class='ocrx_word' id='word_1_201' title='bbox 1055 2935 1137 2998; x_wconf 81' lang='grc' dir='ltr'><em>θθενν.</em></span> <span class='ocrx_word' id='word_1_202' title='bbox 1171 2932 1221 2996; x_wconf 84' lang='lat' dir='ltr'>Ad</span> 
     </span>
     <span class='ocr_line' id='line_1_24' title="bbox 123 3043 1223 3130; baseline 0 -24"><span class='ocrx_word' id='word_1_203' title='bbox 123 3065 186 3106; x_wconf 89' lang='lat' dir='ltr'>rem</span> <span class='ocrx_word' id='word_1_204' title='bbox 211 3050 373 3107; x_wconf 82' lang='lat' dir='ltr'>tractatam</span> <span class='ocrx_word' id='word_1_205' title='bbox 397 3043 614 3108; x_wconf 85' lang='lat' dir='ltr'>illustrandam</span> <span class='ocrx_word' id='word_1_206' title='bbox 637 3068 748 3130; x_wconf 88' lang='lat' dir='ltr'>operae</span> <span class='ocrx_word' id='word_1_207' title='bbox 771 3045 903 3130; x_wconf 87' lang='lat' dir='ltr'>pretium</span> <span class='ocrx_word' id='word_1_208' title='bbox 924 3044 983 3107; x_wconf 88' lang='lat' dir='ltr'>erit</span> <span class='ocrx_word' id='word_1_209' title='bbox 1004 3044 1142 3108; x_wconf 88' lang='lat' dir='ltr'>conferre</span> <span class='ocrx_word' id='word_1_210' title='bbox 1158 3043 1223 3107; x_wconf 91' lang='lat' dir='ltr'>Iso·</span> 
     </span>
     <span class='ocr_line' id='line_1_25' title="bbox 122 3142 799 3231; baseline 0.001 -16"><span class='ocrx_word' id='word_1_211' title='bbox 122 3160 237 3216; x_wconf 86' lang='lat' dir='ltr'>cratem</span> <span class='ocrx_word' id='word_1_212' title='bbox 262 3156 291 3217; x_wconf 84' lang='grc'>7.</span> <span class='ocrx_word' id='word_1_213' title='bbox 318 3157 377 3231; x_wconf 84' lang='grc'>29,</span> <span class='ocrx_word' id='word_1_214' title='bbox 404 3157 457 3218; x_wconf 87' lang='grc'>30.</span> <span class='ocrx_word' id='word_1_215' title='bbox 796 3142 799 3147; x_wconf 53' lang='grc'><strong>’</strong></span> 
     </span>
    </p>

    <p class='ocr_par' dir='ltr' id='par_1_5' title="bbox 120 3261 1227 3678">
     <span class='ocr_line' id='line_1_26' title="bbox 167 3261 1225 3347; baseline 0 -21"><span class='ocrx_word' id='word_1_216' title='bbox 167 3265 260 3347; x_wconf 61' lang='grc' dir='ltr'><strong>ᾅ22.</strong></span> <span class='ocrx_word' id='word_1_217' title='bbox 307 3264 386 3335; x_wconf 76' lang='grc' dir='ltr'><em>εἰδὼς</em></span> <span class='ocrx_word' id='word_1_218' title='bbox 409 3263 435 3327; x_wconf 79' lang='grc' dir='ltr'>δ’</span> <span class='ocrx_word' id='word_1_219' title='bbox 459 3261 501 3328; x_wconf 83' lang='grc' dir='ltr'>θτν</span> <span class='ocrx_word' id='word_1_220' title='bbox 533 3268 550 3340; x_wconf 76' lang='grc' dir='ltr'>ἡ</span> <span class='ocrx_word' id='word_1_221' title='bbox 574 3264 669 3340; x_wconf 67' lang='grc' dir='ltr'><em>βουλὴ</em></span> <span class='ocrx_word' id='word_1_222' title='bbox 693 3267 709 3340; x_wconf 71' lang='grc' dir='ltr'><strong><em>ἦ</em></strong></span> <span class='ocrx_word' id='word_1_223' title='bbox 729 3264 918 3342; x_wconf 75' lang='grc' dir='ltr'><em>βουλεύουσα.</em></span> <span class='ocrx_word' id='word_1_224' title='bbox 952 3264 1103 3328; x_wconf 81' lang='lat' dir='ltr'>Sluiterns</span> <span class='ocrx_word' id='word_1_225' title='bbox 1127 3263 1225 3326; x_wconf 87' lang='lat' dir='ltr'>Leott.</span> 
     </span>
     <span class='ocr_line' id='line_1_27' title="bbox 122 3372 1226 3458; baseline -0.001 -23"><span class='ocrx_word' id='word_1_226' title='bbox 122 3373 203 3436; x_wconf 87' lang='lat' dir='ltr'>And.</span> <span class='ocrx_word' id='word_1_227' title='bbox 235 3397 264 3457; x_wconf 90' lang='lat' dir='ltr'>p.</span> <span class='ocrx_word' id='word_1_228' title='bbox 291 3375 355 3437; x_wconf 88' lang='grc'>276</span> <span class='ocrx_word' id='word_1_229' title='bbox 381 3374 589 3437; x_wconf 87' lang='lat' dir='ltr'>coniecturam</span> <span class='ocrx_word' id='word_1_230' title='bbox 614 3396 701 3437; x_wconf 91' lang='lat' dir='ltr'>suam</span> <span class='ocrx_word' id='word_1_231' title='bbox 723 3377 739 3448; x_wconf 82' lang='grc' dir='ltr'><strong><em>ἡ</em></strong></span> <span class='ocrx_word' id='word_1_232' title='bbox 761 3376 807 3439; x_wconf 69' lang='lat' dir='ltr'>art</span> <span class='ocrx_word' id='word_1_233' title='bbox 826 3374 1023 3451; x_wconf 76' lang='grc' dir='ltr'><em>βουλεύονσοο,</em></span> <span class='ocrx_word' id='word_1_234' title='bbox 1048 3372 1226 3458; x_wconf 89' lang='lat' dir='ltr'>quaemihi</span> 
     </span>
     <span class='ocr_line' id='line_1_28' title="bbox 121 3482 1225 3566; baseline 0.002 -24"><span class='ocrx_word' id='word_1_235' title='bbox 121 3504 191 3545; x_wconf 87' lang='lat' dir='ltr'>vera</span> <span class='ocrx_word' id='word_1_236' title='bbox 214 3482 354 3560; x_wconf 85' lang='lat' dir='ltr'>videtur,</span> <span class='ocrx_word' id='word_1_237' title='bbox 368 3484 468 3561; x_wconf 70' lang='lat' dir='ltr'>docte</span> <span class='ocrx_word' id='word_1_238' title='bbox 492 3483 683 3559; x_wconf 83' lang='lat' dir='ltr'>illustravit3</span> <span class='ocrx_word' id='word_1_239' title='bbox 707 3491 754 3546; x_wconf 87' lang='lat' dir='ltr'>est</span> <span class='ocrx_word' id='word_1_240' title='bbox 777 3491 925 3561; x_wconf 86' lang='lat' dir='ltr'>„senatus</span> <span class='ocrx_word' id='word_1_241' title='bbox 950 3484 1022 3561; x_wconf 90' lang='lat' dir='ltr'>ille,</span> <span class='ocrx_word' id='word_1_242' title='bbox 1048 3483 1101 3566; x_wconf 89' lang='lat' dir='ltr'>qui</span> <span class='ocrx_word' id='word_1_243' title='bbox 1123 3483 1225 3565; x_wconf 85' lang='lat' dir='ltr'>singu·</span> 
     </span>
     <span class='ocr_line' id='line_1_29' title="bbox 120 3590 1227 3678; baseline 0.002 -26"><span class='ocrx_word' id='word_1_244' title='bbox 120 3590 181 3668; x_wconf 84' lang='lat' dir='ltr'>„lis</span> <span class='ocrx_word' id='word_1_245' title='bbox 213 3592 301 3654; x_wconf 87' lang='lat' dir='ltr'>annis</span> <span class='ocrx_word' id='word_1_246' title='bbox 339 3592 397 3656; x_wconf 91' lang='lat' dir='ltr'>hoc</span> <span class='ocrx_word' id='word_1_247' title='bbox 429 3615 556 3656; x_wconf 90' lang='lat' dir='ltr'>munere</span> <span class='ocrx_word' id='word_1_248' title='bbox 591 3591 764 3676; x_wconf 82' lang='lat' dir='ltr'>fungitur.’&#39;</span> <span class='ocrx_word' id='word_1_249' title='bbox 810 3592 883 3656; x_wconf 90' lang='lat' dir='ltr'>Non</span> <span class='ocrx_word' id='word_1_250' title='bbox 916 3600 1037 3678; x_wconf 85' lang='lat' dir='ltr'>oportet</span> <span class='ocrx_word' id='word_1_251' title='bbox 1062 3592 1227 3675; x_wconf 87' lang='lat' dir='ltr'>quotannis</span> 
     </span>
    </p>
   </div>
   <div class='ocr_carea' id='block_1_3' title="bbox 122 3699 1228 4445">
    <p class='ocr_par' dir='ltr' id='par_1_6' title="bbox 122 3699 1228 4445">
     <span class='ocr_line' id='line_1_30' title="bbox 122 3699 1227 3786; baseline 0.002 -25"><span class='ocrx_word' id='word_1_252' title='bbox 122 3699 224 3762; x_wconf 89' lang='lat' dir='ltr'>denuo</span> <span class='ocrx_word' id='word_1_253' title='bbox 247 3723 353 3765; x_wconf 89' lang='lat' dir='ltr'>recens</span> <span class='ocrx_word' id='word_1_254' title='bbox 379 3702 575 3786; x_wconf 82' lang='lat' dir='ltr'>designatum</span> <span class='ocrx_word' id='word_1_255' title='bbox 604 3710 746 3767; x_wconf 87' lang='lat' dir='ltr'>sonatum</span> <span class='ocrx_word' id='word_1_256' title='bbox 771 3704 914 3767; x_wconf 87' lang='lat' dir='ltr'>incusare</span> <span class='ocrx_word' id='word_1_257' title='bbox 930 3704 990 3785; x_wconf 74' lang='grc' dir='ltr'>(θεθ</span> <span class='ocrx_word' id='word_1_258' title='bbox 1004 3730 1048 3763; x_wconf 85' lang='lat'><strong><em>=</em></strong></span> <span class='ocrx_word' id='word_1_259' title='bbox 1065 3702 1227 3784; x_wconf 79' lang='grc' dir='ltr'><em>ἓκοθσσονε).</em></span> 
     </span>
     <span class='ocr_line' id='line_1_31' title="bbox 123 3810 1228 3888; baseline 0.003 -17"><span class='ocrx_word' id='word_1_260' title='bbox 123 3810 216 3881; x_wconf 74' lang='grc' dir='ltr'><em>Βονλθ</em></span> <span class='ocrx_word' id='word_1_261' title='bbox 249 3818 295 3872; x_wconf 90' lang='lat' dir='ltr'>est</span> <span class='ocrx_word' id='word_1_262' title='bbox 328 3819 450 3875; x_wconf 89' lang='lat' dir='ltr'>senatus</span> <span class='ocrx_word' id='word_1_263' title='bbox 475 3813 571 3876; x_wconf 88' lang='lat' dir='ltr'>unius</span> <span class='ocrx_word' id='word_1_264' title='bbox 596 3814 678 3876; x_wconf 91' lang='lat' dir='ltr'>anni.</span> <span class='ocrx_word' id='word_1_265' title='bbox 726 3813 776 3876; x_wconf 87' lang='lat' dir='ltr'>Ita</span> <span class='ocrx_word' id='word_1_266' title='bbox 799 3816 852 3876; x_wconf 79' lang='lat'>24.</span> <span class='ocrx_word' id='word_1_267' title='bbox 878 3816 919 3874; x_wconf 88' lang='grc'>26</span> <span class='ocrx_word' id='word_1_268' title='bbox 945 3815 976 3878; x_wconf 81' lang='grc' dir='ltr'>υἱ</span> <span class='ocrx_word' id='word_1_269' title='bbox 1000 3815 1094 3877; x_wconf 67' lang='grc' dir='ltr'><em>ἄλλον</em></span> <span class='ocrx_word' id='word_1_270' title='bbox 1117 3811 1228 3888; x_wconf 73' lang='grc' dir='ltr'><em>βουλαί</em></span> 
     </span>
     <span class='ocr_line' id='line_1_32' title="bbox 125 3919 1195 4006; baseline 0.004 -26"><span class='ocrx_word' id='word_1_271' title='bbox 125 3919 316 4003; x_wconf 90' lang='lat' dir='ltr'>reliquorum</span> <span class='ocrx_word' id='word_1_272' title='bbox 339 3943 489 3984; x_wconf 90' lang='lat' dir='ltr'>annorum</span> <span class='ocrx_word' id='word_1_273' title='bbox 499 3947 509 3999; x_wconf 90' lang='lat'>;</span> <span class='ocrx_word' id='word_1_274' title='bbox 535 3925 551 3997; x_wconf 74' lang='grc' dir='ltr'><strong><em>ἡ</em></strong></span> <span class='ocrx_word' id='word_1_275' title='bbox 575 3922 698 4001; x_wconf 77' lang='grc' dir='ltr'>προτέρου</span> <span class='ocrx_word' id='word_1_276' title='bbox 719 3922 753 3999; x_wconf 84' lang='grc' dir='ltr'>β.</span> <span class='ocrx_word' id='word_1_277' title='bbox 780 3922 946 4006; x_wconf 87' lang='lat' dir='ltr'>superioris</span> <span class='ocrx_word' id='word_1_278' title='bbox 970 3923 1060 4000; x_wconf 87' lang='lat' dir='ltr'>anni,</span> <span class='ocrx_word' id='word_1_279' title='bbox 1087 3924 1139 3984; x_wconf 91' lang='grc'>22.</span> <span class='ocrx_word' id='word_1_280' title='bbox 1165 3923 1195 3984; x_wconf 87' lang='lat'>9.</span> 
     </span>
     <span class='ocr_line' id='line_1_33' title="bbox 176 4012 1228 4114; baseline 0.006 -25"><span class='ocrx_word' id='word_1_281' title='bbox 176 4028 192 4111; x_wconf 66' lang='lat' dir='ltr'>p</span> <span class='ocrx_word' id='word_1_282' title='bbox 216 4031 268 4092; x_wconf 84' lang='lat'>23.</span> <span class='ocrx_word' id='word_1_283' title='bbox 305 4029 405 4093; x_wconf 86' lang='lat' dir='ltr'>Verba</span> <span class='ocrx_word' id='word_1_284' title='bbox 428 4031 596 4111; x_wconf 67' lang='grc' dir='ltr'><em>προσέχουσι</em></span> <span class='ocrx_word' id='word_1_285' title='bbox 615 4031 665 4095; x_wconf 80' lang='grc' dir='ltr'>τὸν</span> <span class='ocrx_word' id='word_1_286' title='bbox 681 4037 742 4095; x_wconf 77' lang='grc' dir='ltr'><em>νοῦν</em></span> <span class='ocrx_word' id='word_1_287' title='bbox 765 4068 811 4080; x_wconf 94' lang='lat'>-·</span> <span class='ocrx_word' id='word_1_288' title='bbox 831 4031 847 4106; x_wconf 74' lang='grc' dir='ltr'>ἢ</span> <span class='ocrx_word' id='word_1_289' title='bbox 867 4033 958 4095; x_wconf 74' lang='grc' dir='ltr'><em>κλείω</em></span> <span class='ocrx_word' id='word_1_290' title='bbox 983 4031 1113 4106; x_wconf 77' lang='grc' dir='ltr'><em>ἠδίκηκεν</em></span> <span class='ocrx_word' id='word_1_291' title='bbox 1132 4032 1160 4114; x_wconf 62' lang='lat' dir='ltr'>(p</span> <span class='ocrx_word' id='word_1_292' title='bbox 1172 4012 1228 4095; x_wconf 78' lang='lat'>24)</span> 
     </span>
     <span class='ocr_line' id='line_1_34' title="bbox 132 4139 1227 4225; baseline 0 -24"><span class='ocrx_word' id='word_1_293' title='bbox 132 4139 214 4221; x_wconf 92' lang='lat' dir='ltr'>quod</span> <span class='ocrx_word' id='word_1_294' title='bbox 238 4141 421 4203; x_wconf 88' lang='lat' dir='ltr'>conveniant</span> <span class='ocrx_word' id='word_1_295' title='bbox 444 4162 513 4204; x_wconf 90' lang='lat' dir='ltr'>cum</span> <span class='ocrx_word' id='word_1_296' title='bbox 536 4139 696 4225; x_wconf 81' lang='lat' dir='ltr'>Epicratea</span> <span class='ocrx_word' id='word_1_297' title='bbox 717 4143 734 4225; x_wconf 61' lang='lat' dir='ltr'>d</span> <span class='ocrx_word' id='word_1_298' title='bbox 758 4143 794 4217; x_wconf 83' lang='lat'>5,</span> <span class='ocrx_word' id='word_1_299' title='bbox 820 4148 850 4204; x_wconf 89' lang='lat' dir='ltr'>et</span> <span class='ocrx_word' id='word_1_300' title='bbox 875 4142 993 4204; x_wconf 83' lang='lat' dir='ltr'>mentio</span> <span class='ocrx_word' id='word_1_301' title='bbox 1009 4150 1119 4216; x_wconf 72' lang='grc' dir='ltr'><em>κλοπῆς</em></span> <span class='ocrx_word' id='word_1_302' title='bbox 1135 4140 1227 4203; x_wconf 91' lang='lat' dir='ltr'>nimis</span> 
     </span>
     <span class='ocr_line' id='line_1_35' title="bbox 131 4247 1226 4334; baseline 0.003 -25"><span class='ocrx_word' id='word_1_303' title='bbox 131 4247 172 4310; x_wconf 91' lang='lat' dir='ltr'>sit</span> <span class='ocrx_word' id='word_1_304' title='bbox 203 4248 349 4331; x_wconf 83' lang='lat' dir='ltr'>abrupte,</span> <span class='ocrx_word' id='word_1_305' title='bbox 383 4249 525 4313; x_wconf 88' lang='lat' dir='ltr'>chreus</span> <span class='ocrx_word' id='word_1_306' title='bbox 555 4250 627 4314; x_wconf 91' lang='lat' dir='ltr'>inde</span> <span class='ocrx_word' id='word_1_307' title='bbox 659 4250 719 4313; x_wconf 90' lang='lat' dir='ltr'>huc</span> <span class='ocrx_word' id='word_1_308' title='bbox 741 4249 829 4312; x_wconf 87' lang='lat' dir='ltr'>illata</span> <span class='ocrx_word' id='word_1_309' title='bbox 852 4250 1039 4334; x_wconf 87' lang='lat' dir='ltr'>suspicatur.</span> <span class='ocrx_word' id='word_1_310' title='bbox 1064 4250 1123 4314; x_wconf 86' lang='lat' dir='ltr'>Sed</span> <span class='ocrx_word' id='word_1_311' title='bbox 1148 4271 1226 4332; x_wconf 91' lang='lat' dir='ltr'>quae</span> 
     </span>
     <span class='ocr_line' id='line_1_36' title="bbox 131 4357 1227 4445; baseline 0 -26"><span class='ocrx_word' id='word_1_312' title='bbox 131 4357 353 4442; x_wconf 85' lang='lat' dir='ltr'>relinquuntur</span> <span class='ocrx_word' id='word_1_313' title='bbox 375 4358 419 4425; x_wconf 83' lang='lat' dir='ltr'>ita</span> <span class='ocrx_word' id='word_1_314' title='bbox 441 4360 567 4426; x_wconf 87' lang='lat' dir='ltr'>minime</span> <span class='ocrx_word' id='word_1_315' title='bbox 591 4359 772 4438; x_wconf 86' lang='lat' dir='ltr'>cohaerent,</span> <span class='ocrx_word' id='word_1_316' title='bbox 798 4360 900 4445; x_wconf 90' lang='lat' dir='ltr'>potius</span> <span class='ocrx_word' id='word_1_317' title='bbox 927 4383 1023 4444; x_wconf 90' lang='lat' dir='ltr'>usque</span> <span class='ocrx_word' id='word_1_318' title='bbox 1047 4361 1085 4424; x_wconf 86' lang='lat' dir='ltr'>ad</span> <span class='ocrx_word' id='word_1_319' title='bbox 1101 4358 1227 4438; x_wconf 55' lang='lat' dir='ltr'>taphal«</span> 
     </span>
    </p>
   </div>
   <div class='ocr_carea' id='block_1_4' title="bbox 0 0 1431 5024">
    <p class='ocr_par' dir='ltr' id='par_1_7' title="bbox 0 0 1431 5024">
     <span class='ocr_line' id='line_1_37' title="bbox 0 0 1431 5024; baseline 0 0"><span class='ocrx_word' id='word_1_320' title='bbox 0 0 1431 5024; x_wconf 95' lang='lat' dir='ltr'> </span> 
     </span>
    </p>
   </div>
  </div>
 </body>
</html>
