2850 5024
688 359 729 420 56

161 559 327 646 requiritur
354 559 443 639 οίργίν
467 557 515 621 vel
538 557 635 622 simile
659 557 750 642 quid;
772 559 899 623 fortasse
918 557 1117 624 οίσκοιπτον.
1136 557 1254 637 ’Ἃπροι-

160 696 208 736 τον
232 671 399 735 sententiae
423 691 484 733 non
510 668 667 732 satisfacit.
708 667 754 733 Cf.
779 672 847 754 Μ,
872 692 908 733 ex
932 691 992 754 qua
1016 677 1140 753 apparet
1163 669 1254 733 nullo

162 790 297 867 tempore
320 780 454 866 agellum
470 779 563 843 fuisse
579 779 747 844 ἀδέσποτον.
783 781 879 845 Plane
896 780 1021 865 quidem
1036 787 1144 845 neutra
1159 780 1254 844 lectio

162 916 231 957 cum
262 892 316 956 illa
347 892 479 956 sectione
511 890 666 955 conciliari
697 899 815 976 potest3
848 893 902 957 sed
925 900 1025 956 tamen
1049 891 1159 956 melius
1181 915 1255 956 oum

162 1004 315 1068 ἄσκαπτον
338 1003 404 1085 (aut
426 1001 543 1086 οίργίν),
567 1025 638 1066 nam
663 1002 754 1067 verba
775 1004 823 1067 τὸν
846 1004 898 1080 μὲν
922 1002 1013 1068 ίιλλον
1032 1003 1133 1084 χρόνον
1148 1003 1252 1084 ἐγεώρ-

163 1141 210 1194 γει
242 1138 303 1178 non
334 1114 426 1178 nimis
453 1113 590 1198 urgenda
612 1122 703 1191 suut3
728 1114 935 1198 Apollodorus
958 1116 1010 1200 qui
1035 1136 1089 1198 per
1112 1137 1164 1178 sex
1187 1137 1255 1199 sep-

164 1236 262 1292 temve
297 1248 392 1289 annos
426 1225 619 1310 possederat,
656 1225 771 1289 donum
803 1249 821 1289 a
851 1226 965 1312 populo
1002 1231 1160 1310 acceptum
1191 1249 1256 1290 non

164 1339 255 1403 nimis
279 1344 447 1401 curaverat.

209 1451 270 1533 §b
307 1445 357 1511 καί
380 1453 435 1512 τῶν
459 1449 554 1511 αὐτῶν
576 1485 621 1495 -
644 1448 840 1525 κεκτημένων,
862 1450 911 1513 οὐκ
930 1447 1046 1524 οέξιοῦτε
1067 1451 1136 1527 παρ’
1147 1451 1255 1513 αὐτῶν.

165 1560 240 1623 Post
262 1565 317 1623 τῶν
342 1561 436 1623 αὐτῶν
459 1557 529 1621 add.
554 1562 670 1622 ναῦται
695 1581 814 1643 „quum
837 1560 912 1622 haec
935 1558 989 1622 diu
1010 1558 1048 1623 ab
1064 1558 1171 1622 iisdem
1186 1579 1258 1643 pos·

165 1693 270 1750 „sessa
292 1669 387 1733 sint.”

210 1784 296 1867 tlt.
333 1779 510 1844 Admodum
533 1780 712 1866 perturbata
735 1787 808 1845 sunt
836 1788 972 1866 tempora
992 1788 1023 1845 et
1039 1780 1123 1845 modi
1138 1780 1171 1844 in
1187 1780 1256 1843 bis:

167 1901 213 1959 νῦν
237 1894 267 1957 δὲ
289 1893 405 1964 ποίντας
429 1891 464 1957 ίιν
489 1893 567 1970 ὑμῖος
590 1893 787 1970 βουλοίμην
809 1896 871 1972 περί
891 1896 961 1972 ἐμοῖοΙ
984 1895 1096 1968 ταύτην
1114 1893 1165 1966 την
1181 1891 1258 1968 γνοί-

167 2032 224 2085 μην
248 2005 345 2086 ἔχειν,
369 2002 415 2069 ίνα
439 2003 574 2080 ηγῆοίέ
597 2029 636 2082 με
659 2011 791 2079 σκοπεῖν,
815 2004 893 2084 είπερ
915 2005 1047 2078 τοιούτοις
1067 2005 1158 2087 ἔργοις
1177 2007 1259 2068 ἐπε-

167 2118 326 2199 χείρουν,
350 2114 399 2180 καί
423 2112 441 2179 δ’
460 2141 488 2180 τι
511 2112 602 2195 κέρδος
627 2115 741 2192 ἐγένετο
760 2118 800 2196 τῷ
821 2117 1001 2198 οίφανίσαντι
1022 2117 1072 2181 καί
1089 2114 1148 2191 η’τις
1164 2114 1260 2196 ζημία

167 2231 208 2310 τῷ
239 2229 389 2304 ποιήσαντι
422 2227 470 2291 καὶ
498 2227 528 2291 τί
551 2225 586 2291 ab
609 2228 702 2291 λαίὼν
725 2225 924 2308 διεπραξοίμην
947 2227 996 2292 καί
1019 2228 1050 2292 τί
1072 2226 1109 2293 ἂν
1131 2227 1258 2308 φανερὸς

168 2340 320 2419 γενόμενος
346 2339 397 2421 ὑφ’
421 2340 497 2417 ὑμῶν
520 2338 664 2418 ἔπασχον.
710 2336 784 2401 Non
806 2338 949 2403 ferendus
974 2347 1020 2402 est
1044 2337 1261 2402 coniunctivus

168 2459 238 2536 post
267 2449 424 2528 βουλοίμην
452 2447 505 2524 ἄν,
542 2457 688 2532 sequente
716 2455 870 2534 praeterea
893 2451 1070 2530 ἐπεχείρουν.
1117 2448 1261 2513 Fortasse

168 2561 314 2646 scriptum
344 2561 403 2624 fuit
434 2561 595 2640 ἐβουλόμην
615 2598 659 2608 -
687 2558 720 2625 ἵν’
743 2559 865 2639 ἤγησίε,
897 2568 971 2625 noto
1002 2583 1062 2624 usu
1083 2566 1259 2645 temporum

168 2673 383 2736 historicorum
414 2671 571 2737 indicativi
602 2679 672 2757 post
703 2672 866 2757 particulas
897 2672 1013 2737 finales.
1060 2671 1141 2738 Pieri
1168 2672 1260 2737 facile

169 2784 287 2869 potuit,
320 2792 355 2847 ut
387 2804 482 2869 quum
506 2781 528 2848 Ε
553 2792 622 2869 post
649 2789 670 2843 0
699 2783 860 2849 excidisset
890 2807 927 2848 ex
956 2783 1078 2848 residuo
1109 2781 1261 2863 βουλίμην

169 2897 286 2960 factum
317 2897 359 2963 sit
389 2898 557 2975 βουλοίμην.
605 2897 643 2961 Iu
675 2897 874 2983 sequentibus
904 2899 944 2978 τῷ
975 2904 1045 2982 post
1075 2895 1188 2973 ἐγένετο
1221 2917 1262 2959 ex

169 3006 247 3071 male
271 3008 409 3093 repetitis
433 3007 543 3072 litteris
565 3031 597 3072 το
621 3007 757 3086 exstitit3
781 3031 853 3071 nam
875 3030 938 3072 nou
961 3009 994 3072 in
1016 3007 1192 3071 uuiversum
1216 3006 1263 3070 lo-

171 3119 277 3202 quitur
300 3119 337 3183 de
361 3123 401 3200 τῷ
425 3120 620 3198 ἀφανίσαντι,
645 3119 697 3183 sed
721 3118 758 3182 de
775 3142 824 3197 se;
841 3128 908 3183 tum
923 3118 959 3183 ο’ίν
975 3142 1032 3204 per
1046 3117 1264 3203 compendium

171 3217 200 3298 d
223 3233 373 3317 scriptum
396 3229 445 3314 (cf.
470 3229 569 3294 Cobet
591 3231 624 3294 in
647 3229 685 3294 V.
710 3229 746 3295 L.
772 3232 896 3316 passim)
921 3237 991 3294 aute
1013 3231 1198 3312 ἀφανίσαντι
1215 3252 1266 3293 ex-

170 3345 254 3409 cidit.
297 3342 439 3425 Denique
467 3362 521 3426 pro
545 3342 694 3416 ποιησαντι
707 3349 812 3448 &certa
848 3350 894 3406 est
929 3342 1101 3406 emendatio
1133 3340 1264 3426 Kayseri

171 3455 394 3535 περιποιησαντι.
448 3449 669 3536 Compendimn
697 3463 724 3518 Π
748 3455 801 3537 (z
825 3456 898 3538 περι)
915 3460 986 3518 ante
1002 3463 1029 3518 Π
1046 3453 1191 3518 omissum
1207 3460 1284 3517 aut·

170 3570 204 3633 in
227 3576 256 3632 T
279 3573 432 3629 mutatum
456 3570 510 3628 est.

215 3678 317 3741 Locus
356 3675 452 3759 igitur
490 3682 574 3738 totus
612 3675 655 3739 sic
694 3675 889 3740 scribendus:
928 3681 976 3741 νῦν
1014 3676 1043 3740 δὲ
1078 3675 1194 3746 ποίντοις
1224 3672 1262 3740 διν

172 3792 250 3867 ὑμᾶς
290 3787 452 3864 ἐβουλόμην
491 3787 553 3867 περὶ
592 3787 662 3865 ἐμοῦ
703 3788 813 3862 ταύτην
851 3788 903 3858 την
940 3788 1057 3865 γνώμην
1095 3785 1193 3869 ἔχειν,
1229 3782 1263 3850 ἵν’
1343 3836 1346 3843 .

169 3899 276 3977 η’γησίέ
302 3924 341 3977 με
371 3904 502 3970 σκοπεῖν,
535 3896 613 3978 είπερ
641 3898 773 3971 τοιούτοις
800 3897 892 3979 ἔργοις
916 3899 1098 3980 ἐπεχείρουν,
1124 3898 1173 3962 καί
1196 3895 1263 3961 dat

167 4010 260 4091 κέρδος
293 4005 401 4086 ἐγένετ’
434 4006 470 4072 διν
498 4009 678 4089 οίφανίσαντι
700 4009 750 4074 καὶ
776 4008 836 4084 ἥτις
863 4008 954 4090 ζημία
977 4009 1209 4089 περιποιησαντι,
1233 4034 1261 4075 κ.

168 4146 196 4184 τ.
231 4120 254 4186 ἐ.
301 4119 466 4183 Postremis
497 4119 568 4202 (vid.
598 4123 701 4205 supra)
725 4120 854 4205 amplius
879 4121 1054 4207 exsequitur
1076 4120 1132 4184 illa
1153 4121 1264 4198 ἐγένετ’

172 4230 208 4296 οδν
237 4230 428 4313 οίφανίσαντι.
475 4229 557 4293 Loco
589 4231 632 4293 sic
664 4233 777 4316 scripto
810 4253 872 4295 non
904 4238 950 4295 est
980 4230 1063 4315 quod
1095 4231 1163 4315 quis
1192 4254 1263 4295 cum

176 4341 265 4407 Doct.
287 4341 480 4406 Halbertsma
503 4340 541 4404 de
565 4341 707 4408 inanibus
731 4343 908 4429 ambagibus
930 4343 1089 4408 verborum
1105 4351 1260 4430 queratur.
