2850 5024
699 381 740 442 68

178 602 325 644 consensu
361 581 480 665 spuriae
517 579 679 645 habentur.
723 579 825 664 Igitur
855 580 1008 645 orationes
1031 580 1097 645 eins
1119 579 1270 664 aliquam·

177 692 231 756 diu
253 693 377 756 fuerunt
400 692 561 777 dispersae.
610 690 673 754 Iam
699 713 768 755 vero
792 692 903 755 mirum
927 699 958 756 et
972 714 1067 777 paene
1083 689 1268 757 incredibile

177 811 272 882 esset,
304 803 330 866 si
361 825 423 866 non
451 802 566 866 multae
595 809 715 887 postea,
749 824 843 887 quum
868 801 1006 866 collectio
1029 801 1267 882 institueretur,

175 916 291 980 alienae
315 915 515 1000 irrepsisscnt.
552 913 771 979 Gloriabantur
793 914 881 979 facile
905 914 958 999 qui
983 937 1104 978 causam
1121 913 1268 981 dixerant

175 1037 227 1092 aut
262 1050 366 1093 eorum
398 1029 510 1114 posteri
542 1028 694 1091 orationes
726 1027 845 1091 habitas
877 1049 894 1090 a
925 1049 957 1090 se
991 1034 1045 1090 ant
1067 1034 1266 1091 conservatas

175 1139 283 1225 Lysiae
315 1162 395 1217 esse3
426 1146 455 1202 et
487 1145 568 1202 certo
599 1138 751 1216 iudicare,
783 1138 857 1222 quid
880 1137 1006 1224 Lysiae,
1031 1137 1107 1223 quid
1130 1138 1266 1203 aliorum

176 1249 349 1335 aequalium
373 1249 503 1313 colorem
526 1256 557 1313 et
579 1249 736 1334 ingenium
760 1249 900 1327 referret,
925 1249 1061 1314 criticam
1083 1248 1266 1335 postulabat

173 1361 348 1425 facultatem
380 1361 523 1424 maiorem
556 1382 647 1443 quam
678 1360 724 1424 illi
756 1361 848 1424 aetati
872 1361 998 1425 concedi
1020 1367 1132 1446 potest.
1179 1359 1265 1425 lieri

175 1494 236 1536 non
259 1481 379 1557 poterat
403 1471 478 1556 quin
502 1478 616 1535 veteres
641 1472 738 1536 critici
762 1472 794 1536 in
810 1471 1027 1556 conquirendis
1043 1479 1074 1536 et
1086 1471 1266 1557 digerendis

174 1583 404 1668 quadringentis
429 1591 459 1648 et
483 1583 612 1668 amplius
629 1582 819 1648 orationibus
827 1633 836 1662 ,
854 1606 932 1668 quae
947 1582 1056 1670 Lysiae
1073 1583 1263 1664 ferebantur,

174 1694 304 1759 subinde
332 1700 474 1759 errarent.
521 1692 631 1779 ltaque
661 1694 836 1758 remanebat
867 1716 955 1780 saepe
986 1694 1068 1780 apud
1092 1693 1264 1780 prudentes

175 1806 394 1868 existimatores
429 1803 557 1868 dubium
593 1804 631 1869 de
663 1811 786 1869 auctore
816 1805 1034 1870 nonnullarum
1063 1805 1260 1885 orationum3

174 1915 256 1980 urrde
279 1895 482 2000 Harpocratio
506 1937 593 2000 saepe
603 1965 613 1994 ‚
628 1917 825 2000 inscriptione
833 1923 1083 1995 commemorata,
1104 1917 1127 1980 sl
1144 1919 1264 1995 γνήσιος

174 2027 274 2104 addit;
292 2025 388 2090 veluti
404 2025 442 2090 de
459 2025 515 2089 hac
528 2026 663 2090 oratione
676 2049 703 2092 v.
717 2027 859 2098 δικαίωσις
872 2026 1019 2111 legimus:
1041 2027 1157 2098 Λυσίας
1173 2028 1203 2092 ἐκ
1220 2030 1264 2110 τῷ

174 2139 235 2219 περί
264 2138 456 2218 στρατιώτου,
488 2140 512 2202 εί
542 2139 656 2214 γνήσιος
682 2137 745 2222 [καί
764 2137 866 2222 μοίλοι]
891 2139 947 2211 τας
973 2137 1179 2210 δικαιώσεις
1201 2145 1265 2222 φιρ-
1306 2190 1312 2196 .

172 2251 216 2315 cla
244 2250 308 2314 ιἰντί
339 2255 389 2314 τοῦ
420 2249 685 2331 δικαιολογίας,
713 2248 746 2312 in
774 2247 885 2334 quibus
908 2248 1073 2314 verbasci
1096 2248 1186 2327 μοίλα
1210 2249 1264 2313 ad·

172 2362 237 2425 dita
268 2367 339 2424 sunt
370 2383 386 2423 a
417 2359 555 2437 librario,
586 2359 746 2424 dissentire
771 2382 802 2424 se
826 2383 843 2422 a
866 2359 980 2424 iudicio
1005 2359 1261 2444 Harpocrationis

173 2473 373 2559 significante.

215 2585 295 2648 Satis
327 2582 423 2648 multa
453 2570 508 2666 pro
540 2580 658 2645 ambitu
687 2581 806 2645 modico
838 2582 984 2646 orationis
1014 2580 1092 2645 mihi
1115 2581 1261 2646 attulisse

169 2695 289 2772 videor,
322 2717 398 2779 quae
429 2692 630 2778 suspicionem
661 2701 817 2771 moveant3
848 2702 949 2759 tamen
979 2716 1076 2780 panca
1099 2693 1191 2757 etiam
1216 2716 1257 2759 ex

172 2807 367 2870 annotatione
390 2805 468 2868 infra
492 2805 605 2888 scripta
629 2803 700 2867 addi
724 2811 878 2897 poterunt.

215 2919 232 3002 d
257 2916 310 2980 10ss
352 2916 442 2999 ἔχθρα
464 2915 488 2978 δ
510 2915 578 2979 closo
601 2915 701 2979 ποιίποο
721 2916 770 2998 (cf.
791 2918 892 3001 supra)
913 2914 1131 2994 παραλόγως
1150 2915 1259 2998 ζκρωω·

169 3030 234 3100 όείς.
281 3028 471 3108 Παραγιίγως
494 3028 526 3090 in
550 3026 635 3090 libris
660 3027 722 3090 suis
739 3028 856 3092 invenit
872 3027 1043 3112 AugeriuS,
1060 3028 1164 3113 itaque
1181 3029 1259 3094 olim

169 3140 286 3204 editum
310 3146 383 3204 erat.
430 3139 501 3224 Ipse
525 3135 640 3225 primus
664 3147 694 3203 et
716 3138 859 3202 Reiskius
883 3137 1046 3203 ediderunt
1065 3138 1258 3220 παραλόγως.

169 3251 216 3315 De
243 3251 336 3314 Palat.
361 3257 442 3314 tacet
464 3249 610 3329 Scheibe,
640 3249 692 3314 sed
717 3251 742 3314 si
766 3250 814 3314 vel
836 3250 966 3314 maxime
990 3249 1040 3314 hio
1064 3250 1174 3315 habeat
1196 3276 1259 3316 πα-

169 3361 328 3442 ραγώγως,
353 3370 453 3425 tamen
478 3361 655 3442 παραλόγως
679 3361 816 3447 legitima
835 3361 926 3426 lectio
943 3370 1006 3440 cst,
1025 3363 1108 3448 quod
1124 3364 1258 3428 alterum

168 3472 259 3537 nihili
290 3480 336 3537 est
367 3481 396 3537 et
428 3472 572 3536 ductibus
603 3472 777 3537 litterarum
807 3473 986 3555 παραλόγως
1018 3474 1055 3539 ab
1086 3498 1122 3539 eo
1145 3498 1257 3561 parum

169 3583 278 3648 differt.
315 3584 498 3665 Παραλόγως
522 3591 623 3648 tamen
648 3584 730 3669 apud
754 3584 873 3648 Atticos
897 3606 1010 3649 rarum.
1047 3582 1138 3665 Quod
1161 3587 1257 3651 seiam

168 3698 322 3761 invenitur
360 3704 480 3761 tanturn
517 3695 599 3781 apud
629 3695 787 3760 Demosth.
820 3719 846 3760 c.
879 3695 1002 3781 Aphob.
1034 3695 1060 3761 I.
1092 3699 1160 3785 (27)
1194 3699 1256 3763 68:

169 3809 269 3874 δίκαιοι
293 3809 317 3871 δ’
341 3807 402 3873 ἔστ’
425 3810 514 3872 ἐλεεῖν
537 3810 568 3873 οὐ
591 3809 657 3878 τοὺς
680 3807 792 3880 οίδίκους
816 3813 871 3872 τῶι
894 3808 1062 3892 οίκίρόπωι,
1086 3809 1170 3874 οίλλίι
1188 3810 1257 3884 ποὺς

168 3920 346 4002 παραλόγως
369 3920 598 4003 διιςποχοῦιπας,
626 3919 681 3983 ubi
704 3920 905 4004 oppositionis
929 3921 1008 3984 ratio
1032 3920 1257 4006 postulatione

168 4031 354 4111 παρανόμως.
401 4030 495 4116 Apud
526 4029 735 4116 Thucydidem
767 4031 792 4094 I.
825 4034 886 4095 140
898 4081 907 4110 ,
931 4030 988 4096 IV.
1014 4033 1073 4110 55,
1090 4033 1140 4121 „56
1165 4033 1258 4097 cessit

168 4144 293 4207 lectioni
319 4144 468 4208 bonorum
496 4141 583 4207 codd.
608 4144 690 4223 παροδ
712 4142 809 4221 λόγον.
857 4143 916 4208 Sed
940 4165 1002 4208 non
1026 4143 1263 4208 sollicitandum·

169 4255 289 4321 videtur
320 4253 401 4340 apud
429 4252 570 4338 Xenoph.
596 4253 633 4318 de
656 4252 744 4318 Vect.
770 4256 799 4317 5.
825 4257 861 4318 a:
887 4255 1066 4336 παραλόγως
1084 4259 1255 4339 σκοποῦσιν,

168 4377 275 4434 temere
295 4371 532 4444 ratiocinantur,
558 4364 611 4428 ubi
623 4386 660 4428 ex
676 4366 848 4430 coniectura
868 4365 1035 4451 repositum
1057 4373 1103 4430 est
1113 4387 1168 4451 pro
1184 4365 1256 4446 παρ’
