2850 5024
693 376 752 435 lltl

176 567 341 633 redierunt.
382 570 564 636 *Periculum
589 572 718 635 Athenis
741 571 931 635 imminuisse
956 572 1029 635 inde
1045 571 1161 649 efficio,
1178 573 1263 657 quod

176 677 365 765 Xenophon,
391 681 445 764 qui
468 680 541 746 haec
563 688 668 747 nanat
690 681 786 766 (Heli.
800 681 839 745 V.
859 685 887 746 1.
907 685 923 746 l
933 730 943 759 ,
961 683 1057 767 sqq.),
1081 681 1197 747 diserte
1212 707 1264 748 πο-

173 793 343 872 λιορκεῖσθαι
367 791 569 857 Athenienses
592 816 611 856 a
628 792 877 858 Lacedaemoniis
892 794 994 857 refert.
1018 792 1145 872 Quanto
1166 793 1263 878 magis

173 901 263 966 licuit
284 903 414 980 oratori,
439 911 475 966 ut
497 925 605 968 causae
627 905 768 981 serviret,
793 927 857 968 rem
879 925 1069 988 exaggerare.

220 1012 310 1076 Iusta
338 1014 402 1078 acie
424 1021 595 1098 pugnatum
618 1037 683 1079 esse
707 1016 734 1100 (d
758 1016 789 1098 5)
811 1037 852 1078 ne
874 1014 1048 1099 Xenophon
1071 1014 1198 1098 quidem
1220 1037 1263 1078 re-

172 1123 232 1186 fert
254 1146 310 1188 nec
332 1146 386 1209 per
407 1147 439 1188 se
462 1123 619 1208 probabile
642 1131 697 1188 est.
733 1124 850 1189 Eodem
874 1108 1009 1210 tempore
1033 1124 1071 1189 ab
1087 1123 1261 1209 Iphicrate,

172 1234 382 1320 Thrasybulo,
406 1235 561 1320 Agyrrhio
584 1236 623 1299 ad
646 1235 886 1322 Hellespontum
908 1245 939 1300 et
960 1235 1054 1300 Lesbi
1078 1235 1196 1300 bellam
1216 1257 1262 1320 ge

173 1345 314 1423 rebatur;
339 1345 378 1410 cl.
402 1347 419 1429 t
444 1349 494 1409 14.

218 1457 309 1519 Anno
333 1463 404 1540 post
425 1463 530 1520 secuta
553 1465 600 1521 est
622 1481 681 1542 pax
704 1457 895 1522 Antalcidea.

78 1651 81 1658 ι
141 1606 144 1611 <
219 1565 329 1630 Statim
352 1567 448 1650 igitur
470 1567 640 1650 posthanc
663 1589 769 1651 paoem
790 1567 899 1631 initam
919 1590 1016 1652 quum
1032 1569 1164 1652 primum
1182 1569 1259 1634 indi·

175 1678 258 1742 cium
281 1677 445 1742 haberetur
467 1678 505 1741 de
527 1678 582 1756 iis,
600 1679 701 1764 quiin
718 1678 798 1742 bello
814 1679 875 1742 iam
890 1679 977 1743 finito
993 1679 1098 1763 ignavi
1112 1680 1257 1758 fuissent,

171 1788 251 1852 hanc
282 1789 449 1852 orationem
481 1789 594 1853 dictam
627 1791 775 1855 existimo.
815 1790 885 1871 Qua
908 1792 1140 1877 opportunitate
1163 1815 1257 1878 quum

171 1899 287 1964 iudices
318 1909 463 1984 tanquam
486 1901 675 1985 legislatores
699 1902 802 1966 sedere
826 1903 917 1981 dicit,
941 1903 1042 1966 utitur
1071 1911 1174 1967 orator
1197 1926 1256 1968 non

171 2011 236 2074 sine
266 2013 497 2095 exaggeratione
529 2012 582 2075 sed
601 2016 649 2076 ¹ut
678 2012 832 2077 iudicibus
860 2013 1002 2077 simulate
1025 2021 1200 2078 assentetur
1221 2015 1257 2080 iis

170 2121 268 2186 verbis
291 2121 463 2200 tralaticiis,
488 2123 599 2208 quibus
622 2133 693 2208 post
715 2124 822 2208 populi
845 2123 1006 2209 imperium
1031 2147 1057 2188 a.
1083 2128 1148 2188 403
1173 2126 1256 2190 resti·

170 2238 275 2296 tutum
298 2239 430 2296 oratores
453 2234 501 2298 uti
523 2234 671 2298 solebant.

214 2342 303 2406 Huic¹
328 2342 531 2427 disputationi
563 2345 589 2408 si
620 2345 696 2431 quid
723 2345 826 2409 deesse
849 2345 1022 2422 videbitur,
1047 2345 1257 2431 compensabit

170 2452 255 2517 locus
278 2477 314 2517 ex
338 2455 475 2519 oratione
494 2456 593 2519 altera
616 2456 647 2519 in
673 2455 872 2519 Alcibiadem.
904 2455 954 2520 Ad
973 2454 1130 2540 Pamphili
1144 2478 1256 2520 nomen

168 2564 213 2629 ibi
242 2567 259 2650 d
291 2569 308 2628 5
339 2565 454 2629 lectum
484 2589 591 2645 nemo,
616 2567 699 2651 quod
724 2567 832 2644 sciam,
858 2566 1010 2632 editorum
1032 2566 1176 2631 attendit.
1222 2565 1255 2629 Is

166 2683 214 2740 est
243 2677 306 2742 dux
336 2676 480 2761 praesidii
510 2677 548 2742 ab
576 2677 818 2741 Atheniensibus
853 2679 1003 2762 Aeginam
1033 2677 1129 2740 missi.
1172 2676 1253 2741 Xen.

166 2789 187 2852 l.
211 2789 233 2852 l.
256 2790 280 2853 oi
303 2788 326 2852 δ’
342 2789 487 2864 Ἀθηναῖοι
512 2790 737 2869 πολιορκούμενοι
760 2788 809 2854 ὑπ’
825 2791 919 2855 αὐτῶν
930 2791 1106 2869 πέμψαντες
1118 2789 1158 2859 εἰς
1169 2785 1256 2866 Alya-

166 2924 218 2965 νοιν
248 2900 298 2965 acl
328 2900 456 2971 tratres
484 2900 533 2964 aa>
562 2900 728 2980 orparnyin
755 2903 850 2965 αὐτῶν
876 2898 1037 2983 Πάμφιλον
1065 2897 1256 2978 ἐπετείχισαν

165 3011 346 3088 Αἰγινήταις.
390 3009 527 3074 Alteram
559 3010 683 3094 quidem
716 3010 794 3074 hanc
816 3010 884 3075 κοτ’
907 3014 991 3076 'Aac
1036 3009 1147 3094 Lysiae
1171 3010 1257 3075 abiu·

166 3121 271 3186 dicant
299 3120 491 3199 Boeckhius,
523 3121 658 3200 Bakius,
691 3122 752 3186 alii.
783 3120 884 3185 Nemo
908 3127 1010 3185 tamen
1034 3127 1094 3199 est,
1121 3121 1201 3205 quin
1223 3122 1256 3186 in

166 3255 237 3296 vera
259 3252 352 3295 causa
375 3239 406 3294 et
427 3253 445 3294 a
466 3230 577 3316 Lysiae
600 3232 721 3318 aequali
744 3233 943 3317 compositam
963 3232 1126 3296 existimet.
1151 3231 1257 3312 Quare

166 3342 205 3407 ad
228 3342 307 3406 hanc
330 3341 508 3407 historicam
531 3344 742 3428 quaestionem
765 3367 874 3430 parum
897 3343 976 3408 illud
998 3343 1100 3408 refert.

430 3586 484 3633 XV.
514 3592 580 3632 κοτ’
602 3593 775 3635 nnxrarnnor
796 3595 977 3636 narrnrsrna.
1055 3638 1068 3655 ..

207 3789 281 3855 Non
304 3789 342 3854 ab
366 3789 472 3854 eodem
494 3789 697 3874 pronunciata
719 3795 765 3853 est
780 3789 855 3853 haec
871 3788 968 3852 oratio
985 3810 1002 3850 a
1018 3809 1079 3871 quo
1096 3787 1252 3872 superior,

162 3924 219 3967 neo
249 3899 506 3985 quemadmodum
538 3899 648 3963 statuit
679 3899 898 3978 Marklandus,
932 3898 1071 3983 epilogus
1095 3905 1142 3962 est
1164 3921 1256 3984 supe·

162 4011 266 4089 rimie,
300 4033 392 4096 quam
415 4009 598 4073 seutentiam
622 4010 688 4073 iure
712 4010 841 4073 miratur
863 4010 1015 4075 Dobreus
1062 4008 1145 4073 Nam
1167 4011 1255 4095 prior

162 4128 232 4207 post
254 4122 357 4208 legum
381 4128 412 4185 et
433 4120 633 4184 iurisiurandi
657 4128 687 4184 et
706 4121 908 4185 accusationis
924 4120 1136 4184 recitationem
1151 4120 1255 4186 verbis

162 4232 346 4318 quibusdam
371 4231 404 4296 in
426 4231 486 4295 fine
509 4237 651 4295 truncata
674 4232 811 4316 quamvis
839 4232 897 4310 sit,
921 4231 1020 4296 multa
1036 4238 1141 4295 tamen
1155 4229 1251 4296 inter·

161 4344 232 4408 iisse
255 4366 317 4408 non
340 4349 469 4427 possunt
492 4348 563 4427 post
585 4344 680 4427 §462
705 4345 762 4420 ἐγὼ
782 4343 835 4420 μὲν
855 4340 902 4408 οὖν
925 4346 962 4416 ὡς
985 4341 1128 4422 ἕδννοέμνν
1143 4340 1254 4424 ἄριστοι
