2850 5024
665 373 731 434 ,92

166 576 227 639 illis
259 579 521 662 pronunciaverit,
554 579 671 663 reliqua
697 579 734 663 ,ὦ
763 581 816 663 36)
839 579 999 643 manifesto
1023 587 1179 663 pugnant,
1204 577 1251 640 siu

167 688 322 753 Bromium
351 690 460 774 probes
490 690 727 756 adscribentem:
760 689 892 774 populus
923 689 1051 752 iusserat
1080 710 1149 765 eos,
1174 709 1250 771 quos

165 798 352 863 iudicaverat
375 802 544 885 Agoratus,
574 823 674 864 coram
696 799 810 864 iudicio
833 798 880 863 bis
903 799 987 862 mille
1010 799 1148 862 iudicum
1171 798 1250 862 iudi·

167 912 227 974 cari
254 914 302 993 (ut
329 912 533 998 supplendum
556 913 597 976 sit
619 914 647 976 ε’ν·
670 912 746 993 diez.
772 911 876 982 κὺτοὺς
899 912 1037 991 κρίνεσίοοο
1061 913 1248 991 ἐψηφίσατο,

167 1023 196 1085 vi
220 1021 537 1108 plusquamperfecti),
562 1023 700 1088 oboritur
723 1023 872 1107 quaestio,
897 1021 1051 1106 quomodo
1074 1023 1112 1086 dc
1135 1022 1250 1087 iudicio

167 1142 251 1198 extra
281 1134 418 1199 ordinem
448 1136 591 1200 instituto
623 1134 683 1198 dici
715 1134 812 1220 possit
834 1134 862 1199 ἐν
885 1135 925 1210 τῷ
949 1134 1134 1214 δικαστηρίῳ,
1158 1156 1249 1219 porro

167 1245 318 1329 quomodo
342 1269 395 1330 per
418 1247 641 1332 appositionem
664 1245 736 1308 addi
757 1245 853 1330 possit
868 1248 903 1309 ·ε’ν
915 1245 1062 1326 διςχνλίονς
1076 1297 1084 1320 ,
1098 1244 1189 1328 quale
1200 1244 1251 1308 ad·

166 1356 369 1421 ditamentum
398 1357 471 1422 alibi
498 1358 559 1421 fere
588 1357 760 1442 legitimum
784 1356 917 1440 aliquem
942 1362 972 1419 et
996 1356 1173 1421 sollemnem
1195 1380 1250 1420 nu-

164 1491 281 1532 merum
304 1470 435 1547 indicat3
460 1470 591 1555 denique
614 1469 725 1533 mirum
749 1475 846 1544 esset,
860 1467 1007 1531 iudicium
1027 1467 1153 1552 aliquod
1165 1475 1250 1531 extra

166 1579 301 1644 ordinem
332 1581 371 1645 ad
401 1582 582 1666 frangendas
614 1580 771 1666 popularis
806 1581 947 1645 factionis
971 1582 1048 1644 vires
1071 1581 1249 1645 institutum

165 1692 268 1757 subito
291 1700 445 1757 mutatum
468 1716 531 1757 esse
554 1694 597 1757 ita
619 1700 655 1756 ut
678 1691 877 1756 metuendum
901 1700 979 1755 esset
1001 1715 1040 1756 ne
1062 1692 1172 1778 populi
1187 1693 1249 1755 lau-

163 1812 244 1867 tores
275 1804 452 1869 absolveret.
499 1803 559 1868 Sed
589 1805 713 1868 remotis
745 1803 844 1869 verbis
876 1805 989 1867 notatis
1013 1802 1122 1867 melius
1147 1826 1249 1888 proce-

164 1915 248 1979 deret
277 1915 427 1980 narratio:
460 1918 483 1981 εί
506 1916 559 1994 μὲν
586 1913 632 1982 οὖν
662 1918 691 1979 ἕν
723 1919 763 1995 τῷ
786 1916 956 1995 δοκοοστνρίῳ
975 1916 1126 1995 ἐκρίνοντο,
1150 1914 1247 1995 §qliae

162 2027 198 2092 da
221 2027 370 2108 ἐσώζοντο,
393 2033 455 2093 ium
477 2051 562 2105 cero,
583 2034 628 2105 οἱ,
649 2027 715 2091 rell.
740 2025 779 2090 In
797 2027 943 2111 proximis
960 2027 1034 2091 haec
1047 2028 1075 2091 ἐν
1087 2021 1107 2106 ᾧ
1119 2025 1195 2124 οὐδὲν
1206 2025 1248 2090 ἔτι

163 2142 286 2219 ὠφελεῖν
309 2141 443 2207 ἕδύνονσίε
470 2141 625 2224 iungenda
649 2147 721 2204 sunt
745 2162 816 2204 cum
839 2140 902 2214 ἤδη
926 2139 1083 2216 ἐγνωκότες
1107 2134 1167 2212 ἦτε.
1193 2135 1248 2200 Re·

162 2251 394 2336 prehensionem
418 2253 578 2316 continent
592 2252 754 2342 tarditatis
779 2259 809 2315 et
831 2252 999 2337 imperitiae
1022 2273 1085 2314 non
1101 2273 1173 2313 sane
1189 2251 1247 2313 lroc

162 2362 230 2426 loco
271 2366 486 2443 necessariam,
527 2373 558 2429 et
586 2387 641 2450 per
670 2388 701 2428 se
733 2365 878 2429 acerbam.
929 2363 1035 2448 Longe
1066 2363 1247 2448 praeferrem

163 2481 209 2538 νῦν
233 2476 256 2539 δ’
272 2474 321 2558 ἐφ’
344 2471 364 2558 ᾧ
391 2476 466 2541 οὐδὲν
490 2477 531 2542 ἔτι
551 2479 674 2557 ὠφελεῖν
694 2475 840 2558 δύννονσίε,
863 2477 902 2547 εἷς
925 2477 977 2549 τὴν
1001 2474 1108 2551 βουλὴν
1128 2469 1171 2521 ’-
1193 2474 1247 2544 εἰς·

162 2585 292 2664 drouart.

204 2699 295 2782 §55.
343 2700 495 2784 Ageratos
526 2701 559 2763 in
590 2700 763 2763 defensione
792 2708 1009 2784 provocaturus
1033 2708 1097 2762 erat
1121 2698 1159 2761 ad
1183 2696 1248 2760 Me-

161 2817 345 2887 nestratum3
378 2811 427 2875 hic
459 2812 540 2875 enim
571 2811 711 2875 similiter
742 2811 894 2875 detulerat
925 2811 1043 2894 aliquos
1075 2819 1105 2874 et
1136 2808 1247 2873 deinde

161 2920 262 2984 salvus
285 2914 428 2987 eraserat.
475 2923 535 2987 Sed
558 2923 699 2987 consulto
723 2921 869 2986 reticebat
893 2924 1064 3006 Aguratus,
1081 2920 1248 2984 Menestra-

161 3040 228 3096 tmn
252 3041 356 3118 postea
381 3037 479 3120 capite
502 3035 680 3099 damnatum
703 3036 800 3098 iustas
824 3056 936 3119 poenas
960 3033 1087 3097 dedisse.
1135 3031 1246 3115 ltaque

162 3147 331 3210 accusatori
362 3144 530 3210 sufficiebat
560 3145 619 3209 hoc
641 3152 762 3209 tantum
786 3143 914 3220 addere,
939 3151 975 3207 ut
998 3143 1096 3207 omnis
1119 3141 1174 3204 illa
1198 3163 1247 3204 ex—

162 3257 278 3320 cusatio
302 3265 457 3321 corrueret
464 3283 473 3335 ;
498 3256 580 3342 quod
604 3257 677 3321 facit
700 3257 756 3320 hac
781 3258 914 3320 sectione
938 3263 968 3319 et
984 3277 1066 3339 seqq.
1099 3253 1246 3336 Sequitur

161 3367 232 3431 inde
261 3367 415 3448 οίνκφίρενν
446 3390 509 3432 esse
537 3391 716 3453 provocare,
748 3375 778 3431 et
800 3367 1005 3431 omittendum
1028 3389 1092 3428 esse
1115 3366 1161 3448 τί,
1187 3364 1245 3428 hoc

161 3479 269 3545 modo:
293 3477 385 3543 οίκονίον
408 3478 433 3542 δ’
454 3478 541 3543 αὐτὸν
564 3479 612 3542 aul
638 3479 677 3550 εἰς
700 3477 901 3556 Μενίστροοτον
924 3478 1077 3558 οίνκφίρενν
1102 3476 1166 3557 περὶ
1189 3480 1245 3539 τῶν

161 3592 344 3674 ἀτονρκφῶν
374 3590 444 3672 (sec.
472 3589 604 3654 Bakium
635 3596 665 3653 et
694 3589 854 3653 Westerm.
887 3610 941 3672 pro
968 3589 1102 3669 τροφῶν)
1125 3587 1244 3651 τούτων.

162 3702 257 3787 Saepe
279 3702 433 3784 οίνοφέρειν
456 3701 595 3766 absolute
617 3701 753 3786 ponitur.
800 3699 877 3765 Plat.
895 3699 995 3764 Aloib.
1013 3698 1038 3762 I.
1059 3701 1131 3761 111.
1150 3698 1188 3760 Α.
1205 3699 1245 3767 εἷς

160 3815 227 3886 τοὺς
249 3814 354 3887 αὐτοὺς
377 3814 530 3896 οίνοοΦέρω,
554 3811 600 3885 οὓς
623 3813 659 3877 σὺ
681 3816 740 3896 φῂς
764 3815 794 3877 οὐ
821 3813 990 3883 στονδοοίονς
1013 3808 1083 3877 είνοοο
1107 3810 1246 3876 διδασκοί-

161 3939 236 3996 λονς.
273 3923 319 3988 Of.
343 3925 384 3989 ib.
413 3927 484 3989 ll2.
509 3923 547 3988 D.
584 3923 742 3987 Demosth.
769 3925 822 3986 18.
846 3921 925 3985 224:
949 3922 1022 4003 τῷδε
1037 3924 1090 3998 μὲν
1106 3920 1166 3987 ἔστ’
1177 3923 1244 3986 σίνε-

161 4043 272 4112 νεγκεῑν
302 4037 349 4100 ἐτ’
372 4038 500 4107 ἐκείνους.
533 4038 584 4100 28.
611 4039 649 4099 9:
673 4035 738 4100 τοτὲ
761 4034 813 4111 μὲν
835 4037 874 4106 είς
898 4035 1044 4109 οίλλνίλονς
1068 4035 1242 4116 οίνοοφὲρετε.

161 4146 267 4232 Eurip.
291 4148 359 4212 lou.
386 4150 466 4214 827:
492 4148 580 4219 οίλοὺς
603 4147 656 4225 μὲν
679 4146 797 4228 ἀνέφερ’
818 4147 857 4219 εἰς
878 4145 926 4211 τὸν
942 4146 1074 4223 ratpoto.
1097 4145 1134 4208 ci.
1152 4143 1245 4230 s‘upra

165 4261 214 4322 l2.
241 4262 291 4323 28.
339 4259 371 4324 Si
393 4261 547 4343 οίνκφίρεον
569 4257 610 4331 είς
632 4283 697 4324 τννον
721 4265 812 4322 esset:
837 4259 946 4322 referre
970 4257 1008 4322 ad
1031 4259 1163 4341 aliquem
1178 4265 1246 4322 tan-

163 4393 255 4456 quam
278 4381 448 4450 auctorem,
473 4371 657 4457 requirerem
680 4375 709 4436 τί
734 4375 789 4436 τῶν
812 4372 1010 4452 ἀπογραφῶν,
1035 4369 1147 4433 omisso
1169 4371 1243 4449 τερί.
