2850 5024
699 387 739 450 57

217 599 375 664 Excidisse
399 597 515 683 aliquid
540 596 661 660 videtur
684 597 741 661 sub
764 597 856 659 finem
879 596 895 679 ᾧ
920 597 977 657 14:
994 589 1074 663 οὗτος
1095 589 1191 669 μέντοι
1211 593 1260 655 οὐκ

170 711 208 774 ἀν
242 711 304 790 ἔχοι
340 707 491 784 ἀποδεῖξαι
523 746 568 758 -
590 707 646 772 ούύ
668 711 705 780 ἀς
722 709 748 790 (ὃ
771 707 867 791 σηκὸς)
889 705 1033 783 ἀμπέλοις
1057 703 1185 782 ἐμποδὼν
1210 697 1258 782 ἦν,

169 822 227 886 ούύ’
249 823 286 893 ὥς
308 821 399 892 ἀιύας
422 821 534 902 ἐγγύς,
556 820 612 886 ούύ’
631 822 667 891 ὡς
687 822 744 898 ἐγὼ
765 820 879 900 ἀπειρος
898 824 952 884 τῶν
972 821 1041 899 παρ’
1061 813 1259 896 ὑμῖν(ύμάνέ)

169 932 314 1003 κινδύνων,
339 931 367 996 εἰ’
382 956 410 996 τι
429 931 537 996 τούτων
556 930 699 1010 ἔπραττον
719 931 833 1000 πολλάς
854 929 890 995 ἀν
910 929 958 994 καὶ
980 927 1123 1007 μεηάλας
1139 925 1258 1004 ἐμαυτῷ

90 1100 99 1117 ,
169 1042 278 1124 ζημίας
311 1043 471 1122 γενομένας
495 1043 698 1124 ἀποφήναιμι·
723 1039 752 1113 ὃς
776 1041 960 1120 πρῶτονμὲν
983 1042 1046 1115 μεθ’
1070 1038 1177 1117 ἡμέριον
1201 1033 1261 1110 ἐξέ-

169 1179 275 1220 κοπτον
306 1155 354 1220 τὸν
383 1156 478 1230 σηκόν.
526 1154 585 1218 His
608 1155 740 1239 primum
763 1154 952 1217 demonstrat
974 1151 1090 1216 nullam
1113 1150 1172 1216 sibi
1194 1171 1260 1212 can·

169 1288 237 1329 sam
260 1265 406 1350 peccandi
430 1265 523 1330 fnisse
539 1267 594 1349 (-
610 1265 766 1348 madriaca),
788 1273 854 1328 tum
874 1263 1010 1348 singula,
1029 1286 1106 1348 quae
1122 1262 1159 1327 ab
1175 1281 1260 1324 acon·

167 1385 269 1442 satore
300 1376 420 1442 obiecta
450 1377 528 1454 sint,
561 1399 668 1461 parum
700 1400 753 1462 per
784 1399 816 1439 se
845 1375 1014 1461 probabilia
1042 1397 1124 1452 csse,
1148 1395 1205 1437 neo
1227 1394 1259 1435 se

167 1488 304 1552 interdiu
335 1479 484 1554 excidisse
510 1497 671 1566 truncum,
695 1511 751 1553 nec
773 1488 806 1552 id
830 1511 885 1574 per
908 1510 1010 1552 servos
1033 1486 1184 1551 sefacere
1208 1506 1259 1568 po

167 1601 283 1678 tuisse,
307 1601 368 1664 nisi
391 1599 556 1664 admodum
579 1600 671 1664 hebes
694 1599 790 1664 videri
814 1599 916 1663 vellet.
947 1598 1007 1663 Sed
1030 1597 1108 1662 duae
1123 1596 1194 1660 illae
1209 1595 1260 1658 de·

166 1711 399 1776 monstrationis
422 1717 523 1795 partes
547 1732 610 1775 non
634 1717 703 1795 apte
727 1710 972 1795 distinguuntur.
1015 1708 1158 1773 Transito
1181 1729 1258 1791 opus

168 1829 233 1901 ast,
258 1844 348 1908 quem
371 1823 513 1887 restitues
536 1823 651 1886 inserto
675 1823 767 1887 ἔπειτ’
791 1829 861 1886 ante
884 1822 912 1886 εἴ
932 1847 969 1887 τι.
1006 1820 1056 1885 Ita
1080 1819 1171 1885 verba
1186 1820 1260 1883 haec

166 1957 279 1999 novam
300 1935 457 2019 incipiunt
479 1933 648 2019 periodum.
683 1934 843 1999 Praeterea
863 1933 980 2019 aliquid
996 1934 1178 2018 requiritur,
1196 1952 1257 2016 quo

166 2046 276 2112 τούτων
295 2047 327 2130 (i.
349 2068 374 2110 e.
395 2044 521 2123 horum,
543 2067 620 2129 quae
640 2045 763 2130 singula
781 2046 858 2110 mihi
874 2043 991 2129 obiicit)
1013 2045 1112 2131 magis
1135 2044 1260 2109 definis:

166 2165 220 2222 tur
243 2154 289 2241 (ὧν
313 2154 361 2223 ὅδε
379 2157 463 2235 λέγει
480 2157 528 2221 vel
546 2158 635 2242 sim).
652 2156 901 2223 -Vocabulum
920 2157 1037 2239 ζημίαις
1057 2179 1129 2221 sane
1148 2156 1258 2238 ἀκύρως

165 2269 304 2354 positum
334 2269 473 2346 videtum
506 2269 679 2354 significant
709 2269 790 2332 enim
820 2268 894 2333 haec
924 2270 1040 2339 πολλάς
1069 2288 1114 2316 -’
1142 2268 1259 2348 ἀποφή-

166 2404 267 2458 ναιμιε
288 2379 400 2458 „valde
422 2402 507 2443 meac
529 2381 627 2466 ipsius
644 2403 752 2444 causae
767 2402 815 2464 me
830 2381 970 2444 nocuisse
986 2379 1224 2444 demonstrarem
1228 2380 1259 2458 ;'’

164 2515 239 2557 nam
269 2490 307 2556 de
338 2495 510 2557 detrimento
543 2500 597 2557 aut
623 2496 730 2558 domno
753 2493 785 2556 in
809 2493 954 2578 proximis
978 2515 1040 2557 non
1064 2494 1178 2578 agitur3
1203 2514 1259 2556 nec

164 2603 206 2667 de
236 2605 327 2686 αάρσ
352 2600 536 2666 vocabulum
558 2604 654 2689 accipi
676 2610 795 2689 potest,
821 2627 916 2692 quum
940 2603 1063 2668 accedat
1085 2605 1255 2683 γενομένας.

163 2713 276 2778 Posuit
299 2712 417 2794 ζημίαις
440 2721 476 2777 ut
500 2713 720 2779 demonstratio
745 2716 804 2780 sibi
828 2722 992 2780 constaret.
1028 2713 1074 2779 cf.
1098 2718 1115 2800 b
1140 2719 1189 2780 13.

211 2822 284 2888 Nou
307 2823 365 2888 hac
388 2830 510 2889 tantum
533 2827 667 2890 sectione
691 2826 743 2891 sed
768 2826 842 2891 alibi
863 2848 984 2912 quoque
1001 2828 1033 2890 in
1049 2827 1107 2891 hac
1122 2827 1259 2891 oratione

164 2934 317 3022 quaedam
349 2935 544 3010 exciderunt,
569 2935 664 3000 veluti
687 2939 704 3021 b
727 2939 787 3000 39:
813 2938 870 3015 ἐγὼ
894 2938 947 3007 μὲν
971 2938 1153 3022 [ἐγνωκέναι]
1179 2938 1257 3016 ύμάς

163 3051 314 3126 ήγούμαι,
340 3044 383 3112 dar
405 3047 598 3129 Νικόμαχος,
623 3073 649 3115 κ.
675 3073 704 3114 π.
731 3051 761 3127 ξ’,
787 3049 841 3114 ubi
865 3048 1057 3114 Hamakerus
1081 3048 1159 3113 vidit
1181 3049 1258 3113 desi·

163 3158 264 3224 denari
279 3158 444 3237 ἐγνωκέναι.
481 3158 579 3244 Supra
601 3162 618 3244 b
639 3163 657 3221 2
678 3159 795 3238 ἀύμενοι
811 3160 872 3238 ἐμοὶ
889 3162 942 3238 μὲν
961 3161 1073 3237 ταύτην
1091 3162 1144 3236 τήν
1160 3160 1257 3225 αἰτίαν

161 3269 355 3350 ἀπορωτάτην
380 3266 450 3334 εἶναι
475 3269 625 3344 ἀποδεῖξαι
653 3270 877 3335 restituendum
901 3269 1022 3335 videtur
1045 3273 1165 3358 [ψευδῆ]
1186 3275 1257 3338 ἀπο-

162 3381 273 3464 δεῖξαι,
309 3381 363 3445 ubi
397 3381 451 3445 alii
485 3389 681 3446 correxerunt
715 3380 895 3459 ἀπελέγξαι.
942 3381 1021 3446 Sect.
1055 3385 1095 3446 25
1127 3384 1177 3448 καὶ
1205 3385 1258 3459 τήν
1297 3363 1301 3370 ’

165 3492 297 3573 πατράα
319 3493 351 3557 in
375 3491 463 3557 MSS.
488 3493 600 3557 omissa
623 3480 705 3558 sunt.

210 3605 228 3688 b
248 3605 300 3667 23.
337 3606 361 3669 εἰ
380 3605 434 3683 μὲν
454 3605 622 3686 παρέσχετο
642 3605 809 3687 μάρτυρας,
829 3606 938 3677 τούτοις
957 3603 1083 3681 ἀνήξίον
1095 3608 1255 3689 πιστεύειν,

162 3714 261 3791 ἐπειδή
292 3715 317 3778 δ’
333 3719 383 3780 οὐκ
414 3715 483 3780 εἰσὶν
515 3719 611 3798 αὐτῷ,
647 3719 708 3796 ἐμοὶ
740 3716 790 3782 καὶ
812 3718 924 3792 ταύτην
952 3719 1016 3792 τήν
1039 3717 1145 3798 ζημίαν
1168 3715 1256 3782 οἴεται

162 3833 271 3908 χρῆναι
301 3828 447 3904 γενέσθαι.
493 3826 709 3893 Omittendum
731 3831 784 3904 τήν
807 3836 877 3893 ante
900 3828 1006 3910 ζημίαν
1029 3829 1111 3906 „hoc
1134 3850 1256 3912 quoque

162 3939 242 4003 mihi
262 3939 374 4004 damno
395 3946 459 4004 esse
476 3941 593 4024 cupit.''
613 3942 745 4025 (Ταύτην
764 3965 817 4027 per
839 3941 1051 4005 attractionem
1069 3939 1188 4026 generis
1200 3959 1255 4023 pro

162 4054 272 4136 τοῦτο.)
306 4050 381 4114 Tam
405 4051 596 4129 testimonia,
621 4052 740 4136 inquit,
759 4075 851 4137 quam
869 4051 1022 4116 defectum
1037 4051 1163 4115 testium
1179 4049 1256 4113 mihi

163 4163 331 4228 exitiosum
354 4185 418 4227 esse
442 4163 522 4242 vult;
548 4164 631 4248 quod
654 4165 720 4250 ipse
743 4172 837 4229 testes
860 4187 922 4229 non
948 4164 1058 4240 habet,
1082 4161 1159 4226 mihi
1180 4160 1256 4223 vitio

163 4275 265 4340 datur.
301 4275 349 4340 Of.
372 4277 389 4360 b
412 4278 452 4337 21
463 4323 472 4352 ,
497 4275 554 4339 sub
576 4275 597 4340 f.
622 4276 719 4340 Paulo
744 4285 813 4363 post
831 4279 862 4341 ού
883 4278 943 4356 yda
962 4276 1050 4351 δήπου
1067 4276 1256 4355 συκοφαντῶν

162 4386 235 4464 ἅμα
258 4386 391 4454 τοιούτων
413 4410 451 4465 γε
473 4386 569 4466 λόγων
590 4389 728 4472 ἀπορήσει
751 4388 801 4456 καὶ
824 4388 976 4472 μαρτύριον
1000 4383 1204 4472 (μαρτνριῶνέ)
1218 4389 1255 4446 ut
