2850 5024
682 354 771 449 aa

161 610 190 671 p.
206 587 256 650 67.
289 586 523 671 Operae'igitur
545 588 676 672 pretium
701 587 827 651 fortasse
849 589 972 666 faciam,
990 589 1014 651 si
1031 588 1246 673 exploravere,

160 721 235 761 num
266 697 341 761 haec
372 700 469 763 oratio
500 699 539 762 ad
567 700 693 764 eandem
718 722 787 763 cum
812 700 990 764 Andocidea
1014 722 1135 764 eausam
1159 701 1249 784 perti·

162 816 233 873 neat
257 817 288 872 et
311 833 379 874 vere
402 811 508 876 hahita
531 813 579 875 sit.

206 920 386 985 Secundum
410 922 601 985 Andocidem
632 921 793 1007 Cephisius
822 921 935 999 ἔνδειξιν
958 922 1098 999 ἀσεβείας
1121 922 1153 985 in
1178 944 1250 985 eum

162 1032 291 1111 detulit,
325 1033 406 1116 quod
430 1033 644 1097 denunciasset
667 1041 784 1118 patrem
808 1042 931 1117 propter
954 1033 1097 1118 mysteria
1119 1031 1250 1110 violata3

163 1151 268 1208 contra
291 1144 349 1208 hoc
372 1146 485 1209 crimen
510 1168 541 1208 se
565 1145 700 1209 defendit
724 1152 824 1209 orator
847 1147 863 1230 q
888 1147 1027 1209 19-33.
1065 1144 1250 1207 Hermarum

164 1256 379 1321 mutilatorum
403 1265 541 1322 auctores
565 1281 597 1321 se
621 1257 768 1322 detulisse
789 1258 921 1335 fatetur,
946 1258 999 1323 sed
1023 1279 1116 1342 quum
1138 1256 1189 1319 alii
1206 1278 1254 1319 ac-

165 1375 324 1432 cusassent
345 1369 541 1447 innocentes,
566 1370 669 1454 plures
697 1392 729 1432 se
752 1369 806 1432 illa
829 1369 981 1434 delatione
1004 1391 1136 1432 servasse
1160 1389 1252 1451 quam

163 1480 332 1565 perdidisse
350 1479 492 1543 defendit
515 1519 559 1529 -
581 1483 598 1565 q
620 1483 669 1545 70.
695 1481 742 1544 Ex
758 1480 936 1545 Isotimidae
952 1480 1157 1566 psephismate
1168 1501 1253 1542 nunc

163 1614 194 1655 se
226 1591 378 1667 accusari,
409 1591 441 1654 in
469 1614 537 1669 eos,
563 1593 616 1675 qui
639 1592 778 1669 ἀσέβενοον
803 1593 933 1656 confessi
957 1592 1036 1669 sint,
1060 1591 1141 1667 latu,
1167 1588 1254 1674 quod

163 1703 195 1766 in
220 1726 268 1780 se,
294 1724 389 1786 quum
412 1703 579 1787 impietatis
603 1725 664 1766 non
689 1704 846 1767 convictus
867 1704 924 1781 sit,
942 1701 1020 1766 nihil
1035 1702 1151 1778 valcat;
1169 1700 1254 1785 quod

164 1815 190 1878 si
221 1814 268 1878 vel
301 1815 430 1877 maxime
460 1814 574 1892 ἀσεβής
605 1815 662 1890 sit,
695 1824 797 1878 tamen
828 1837 862 1877 eo
894 1813 1099 1899 psephismate
1131 1836 1162 1877 se
1189 1835 1254 1875 non

165 1925 280 2003 teneri,
306 1925 450 2010 quoniam
474 1933 544 1989 ante
567 1925 728 1990 Euclidem
751 1927 847 1990 latum
872 1927 976 1989 sit-
996 1926 1102 2011 ulus.
1133 1924 1254 1987 Horum

167 2038 330 2125 eriminum
350 2040 392 2122 (l.
409 2039 575 2124 impietatis
595 2039 628 2102 in
647 2046 781 2123 patrem,
804 2041 833 2101 2.
851 2037 1031 2102 Hermarum
1049 2036 1253 2112 deiectorum,

167 2151 197 2212 3.
221 2149 406 2234 templorum
430 2149 599 2213 Andocidis
619 2151 789 2235 praesentia
805 2150 1044 2234 profanatorum)
1064 2153 1252 2231 postremum

166 2267 322 2322 tantuma
342 2258 569 2344 Pseudo-Lysia
583 2260 762 2344 respicitur,
785 2260 873 2322 cuius
893 2266 958 2322 tota
980 2258 1203 2343 argumentatio
1221 2258 1253 2320 in

168 2392 203 2434 eo
220 2378 366 2448 versatur,
380 2378 417 2434 ut
428 2371 630 2449 demonstret,
644 2394 706 2434 non
723 2371 851 2456 dignum
867 2394 932 2434 esse
947 2372 1035 2434 venia
1051 2369 1253 2447 Andocidem,

168 2472 333 2546 arcendum
353 2504 417 2545 esse
438 2505 456 2546 a
474 2483 687 2547 communione
708 2505 861 2547 sacrorum
881 2491 911 2546 et
929 2483 1070 2546 civitatis
1108 2481 1255 2566 Mysteria

169 2594 298 2657 strictim
321 2600 441 2657 tantum
465 2603 740 2658 commemorantur
763 2594 821 2658 sub
845 2595 935 2657 finem
958 2597 974 2679 q
995 2596 1047 2671 50,
1070 2597 1120 2656 51.
1153 2591 1255 2655 Patris

169 2727 321 2789 nusquam
345 2703 457 2768 diserta
480 2704 594 2768 mentio
618 2712 681 2781 est,
701 2712 823 2768 tantum
845 2707 862 2790 q
886 2708 927 2767 24
953 2705 1067 2769 dicitur
1090 2705 1255 2776 ἀπεκτονὼς

169 2812 257 2892 οἶνον,
293 2812 338 2887 οὓς
370 2815 457 2886 οὗτος
488 2815 545 2898 ἔφη
576 2814 639 2894 περὶ
670 2815 808 2880 πλείστου
839 2817 988 2880 νιονεῑσθοο.
1024 2815 1139 2880 Contra
1171 2815 1254 2899 apud

169 2926 360 2990 Andocidem
382 2927 431 3004 id,
455 2927 488 2990 in
512 2949 573 3010 quo
597 2926 687 2990 cardo
711 2927 755 2990 rei
777 2936 924 3003 versatur,
949 2934 995 2991 est
1012 2935 1046 2990 ut
1063 2934 1174 3012 purget
1190 2949 1257 2989 sea

169 3038 347 3103 criminibus
380 3062 416 3102 ex
447 3039 602 3123 superiore
636 3047 772 3124 tempore
808 3039 865 3103 sibi
901 3039 1043 3116 obiectis,
1076 3040 1108 3102 in
1141 3038 1255 3124 quibus

169 3151 312 3235 mysteria
331 3150 491 3235 profanata
510 3150 608 3235 primo
623 3150 691 3214 loco
712 3159 859 3214 memorat
877 3153 893 3236 ξ
911 3154 959 3214 10.
996 3149 1120 3213 Novum
1140 3151 1255 3213 crimen

170 3270 199 3324 et
232 3261 361 3346 capitale
392 3260 513 3344 quidem
543 3262 669 3325 affertur
698 3263 714 3346 ξ
748 3263 827 3338 110,
856 3262 939 3347 quod
963 3262 1153 3347 deposuisset
1185 3284 1256 3346 sup-

170 3373 261 3458 plicia
277 3373 309 3435 in
326 3372 498 3450 Eleusinia,
518 3372 556 3436 de
574 3374 632 3436 hoc
650 3395 772 3458 quoque
788 3373 870 3459 apud
884 3372 1140 3458 Pseudo-Lysiam
1157 3375 1255 3439 altum

170 3485 335 3549 silentium.
383 3483 423 3547 Of
443 3487 459 3569 q
479 3487 536 3562 52,
557 3484 611 3549 ubi
635 3485 727 3550 huius
751 3487 795 3549 rei
817 3487 931 3549 mentio
955 3486 1112 3571 aptissima
1134 3485 1253 3550 fuisset.

216 3596 389 3660 Andocides
412 3597 477 3682 ipse
500 3597 695 3681 pertinaciter
718 3606 808 3682 negat
832 3620 863 3661 se
887 3597 1068 3681 deliquisse,
1093 3620 1153 3660 non
1179 3596 1256 3660 Her·

171 3731 235 3772 mas
259 3732 290 3773 se
314 3707 457 3772 deiecisse
480 3709 523 3792 (in
547 3710 645 3794 prima
668 3710 792 3795 quidem
816 3709 952 3774 oratione
968 3713 985 3795 q
1002 3712 1042 3772 29
1061 3717 1091 3774 et
1108 3711 1167 3786 71,
1184 3731 1257 3772 nam

171 3820 204 3883 in
228 3820 322 3884 altera
346 3843 424 3904 quae
446 3821 543 3885 fertur
566 3821 732 3906 deliquisse
754 3845 787 3886 se
810 3820 927 3904 aliquid
950 3821 1064 3884 fatetur
1079 3822 1096 3904 q
1113 3821 1129 3884 7
1140 3847 1148 3898 ;
1165 3821 1254 3904 §252

171 3941 208 4013 τῇ
238 3931 305 3996 τότε
336 3932 489 4015 ripuaria).
533 3932 625 4018 Apud
656 3932 913 4018 Pseudo-Lysiam
944 3932 1036 3996 verba
1065 3931 1144 3994 fiunt
1166 3929 1199 3992 in
1223 3952 1257 3993 re

173 4042 318 4106 confessa.
366 4041 413 4106 Of.
437 4045 454 4127 d
479 4045 536 4105 14:
561 4043 665 4108 ἔπειτα
687 4045 710 4108 δ’
733 4046 828 4108 darium
852 4044 905 4119 μὲν
928 4044 1076 4124 ἀρνοῦνται
1099 4041 1140 4107 τά
1162 4065 1258 4119 μεμν-

173 4153 295 4237 ννμένοο,
328 4151 409 4227 οὗτος
441 4154 464 4218 δ’
487 4157 626 4232 ὁμολογεῖ
645 4165 773 4232 ποιῆσαν.
821 4155 956 4240 Sequens
981 4155 1148 4241 disputatio
1171 4153 1258 4215 iusti·

173 4265 273 4329 tuitur
295 4274 331 4330 ut
354 4265 579 4331 demonstretur
601 4271 632 4333 οὐ
654 4276 759 4348 aaaron
783 4269 900 4346 γνώμην
922 4269 1021 4346 ὅμοῖον
1045 4269 1124 4349 ἔχειν
1142 4267 1207 4346 περί
1221 4291 1256 4331 τε

172 4382 228 4439 τῶν
250 4375 423 4457 ἀρνουμένων
446 4379 495 4443 real
516 4379 581 4459 ’περὶ
611 4385 677 4443 τῶν
707 4379 984 4459 ὁμολογούντων.
