2850 5024
744 367 804 426 loa

228 563 357 627 Pancleo
380 563 567 626 Plataeensis
595 571 692 637 esset,
720 583 818 644 eoque
838 563 966 626 consilio
987 585 1019 626 se
1039 563 1172 628 contulit
1195 562 1234 626 ad
1252 569 1320 625 ton·

224 674 368 748 sti-inam,
391 694 469 756 quae
490 679 554 734 erat
573 692 666 754 prope
687 671 840 753 porticum
864 671 1058 736 Hermarum.
1095 671 1238 735 Alterum
1259 671 1318 734 hoc

223 789 286 864 est,
311 782 395 864 quod
417 783 469 845 καί
491 790 554 843 tarn
578 787 649 843 ante
668 779 736 859 πρός
757 783 808 854 την
827 783 943 859 φυλήν,
965 803 1057 864 quam
1078 786 1149 843 ante
1166 780 1236 860 πρὸς
1249 781 1316 852 τοὺς

221 902 258 972 τῇ
283 891 436 955 difficilem
461 897 515 952 aut
538 889 642 973 potius
666 888 783 951 nullam
808 890 1041 973 explicationem
1065 889 1214 952 admittit.
1255 888 1316 951 Sed

222 999 307 1064 aliud
331 1008 377 1063 est
400 1003 433 1064 in
453 1001 511 1063 hoo
530 999 598 1063 loco
618 999 800 1076 molestum,
819 1000 928 1079 ἡρότυν
946 1001 1011 1063 sine
1028 999 1148 1064 obiecto
1164 999 1313 1082 positum.

221 1109 434 1173 Necessarium
461 1131 556 1194 paene
587 1115 649 1186 est,
673 1115 708 1171 ut
732 1130 768 1170 ex
792 1107 1000 1191 superioribus
1024 1107 1224 1191 intellegatur
1247 1110 1314 1179 τοὺς

221 1220 378 1289 Δεκελέας.
426 1216 484 1280 Sed
509 1217 553 1279 ita
576 1237 802 1299 supervacanea
825 1224 899 1279 sunt
922 1238 1000 1300 quae
1024 1225 1198 1301 sequuntur
1217 1215 1314 1287 οὔατ’

177 1339 179 1344 ’
219 1325 405 1405 ἐξευρίσκοιμι
436 1325 596 1392 Δεκελέων.
642 1324 752 1407 Itaque
785 1326 895 1403 ἠρώτων
924 1326 1130 1389 omittendum
1161 1334 1226 1405 est,
1259 1336 1314 1390 aut

218 1436 373 1500 obiectum
396 1434 571 1498 addendum
596 1432 634 1495 ab
657 1432 703 1504 οὕς
725 1437 753 1496 τ’
772 1432 814 1509 ε’ξ.
839 1445 911 1498 Δεκ.
938 1434 1110 1513 diversum,
1135 1435 1234 1498 veluti
1250 1438 1314 1514 ε’ρυ-

217 1549 273 1608 τῶν
288 1546 355 1616 τοὺς
375 1547 538 1623 παρόντας,
560 1540 688 1614 οίίςπινας
709 1540 897 1621 ἐξευρίσκοιμι
916 1545 1081 1626 Δεκελέας,
1095 1545 1311 1622 ἐπυνθανόμην,

217 1675 295 1737 quae
322 1661 424 1715 tamen
455 1653 587 1715 mutatio
617 1651 816 1714 correctionis
841 1651 945 1736 potius
970 1674 1063 1735 quam
1087 1652 1312 1716 emendationis

218 1761 326 1824 similis
355 1770 418 1838 est3
451 1767 505 1824 aut
533 1761 645 1823 omisso
669 1761 779 1839 ἠρώτων
803 1762 863 1824 sie:
889 1764 958 1841 παρ’
982 1759 1018 1826 ὧν
1042 1761 1230 1841 ἐξευρίσκοιμι
1255 1775 1312 1828 Δε-

216 1872 320 1934 κελέων
350 1871 563 1946 ἐπυνθανόμην,
597 1867 680 1950 quod
703 1870 801 1950 magis
825 1868 926 1953 placet
950 1876 980 1932 et
1003 1869 1222 1954 probabilitate
1245 1894 1311 1936 non

215 1986 306 2042 earet.
355 1980 404 2041 Ad
429 1982 499 2057 παρ’
523 1974 558 2041 ὧν
582 1977 664 2040 enim
684 1977 815 2040 adscribi
836 1978 925 2040 facile
941 1979 1044 2061 potuit
1056 1978 1221 2063 explicatio
1233 1986 1310 2056 τῶν,

214 2085 277 2157 olla:
310 2093 655 2160 ΠΑΡΩΝΤΩΝΟΎΟ,
685 2085 767 2148 unde
791 2087 910 2149 exstitit
933 2096 1211 2156 ΗΡΩΤΩΝΟΤΟ.
1261 2089 1309 2154 Cf.

213 2198 230 2279 p
255 2200 288 2260 7:
319 2198 405 2260 ἐλθὼν
434 2193 479 2261 οὖν
503 2198 542 2267 είς
566 2197 615 2260 τόν
638 2198 719 2275 πυρὸν
742 2198 838 2277 ταθτη
860 2206 897 2277 τῇ
918 2197 1011 2278 ἡμέρα
1034 2198 1233 2274 ἐπυνθανόμην
1257 2202 1312 2264 αὐ·

213 2311 277 2371 τῶν.
302 2344 347 2354 -
370 2305 471 2370 Verba
503 2312 606 2368 autem
637 2306 932 2384 παραινέσαντος-
955 2307 1111 2380 σκήπτοιτο
1141 2308 1220 2370 mihi
1243 2331 1311 2373 sus-

212 2421 301 2497 pecta
323 2421 406 2478 sunt.

256 2525 273 2606 d
297 2526 325 2585 8.
373 2524 420 2587 καί
451 2528 500 2587 τὸν
530 2521 560 2594 ός
593 2524 650 2603 ἔφη
684 2524 825 2597 δεσπότης
856 2524 957 2589 τούτου
989 2523 1070 2590 εἶναι.
1117 2522 1191 2588 Nou
1213 2528 1311 2592 mirer

211 2631 359 2692 omissum
383 2652 447 2693 esse
471 2637 541 2714 post
564 2631 630 2694 rob:
656 2632 816 2706 Νικομηδη.
856 2631 888 2694 Is
909 2634 1309 2717 enimintellegitu13nam

209 2739 235 2800 is
260 2739 292 2801 in
316 2740 480 2822 proximiS,
514 2738 551 2802 ab
576 2746 679 2803 actore
703 2740 740 2803 de
766 2740 941 2806 Pancleone
965 2743 1111 2821 edoctus,
1136 2744 1221 2809 hunc
1244 2747 1308 2811 sibi

209 2847 352 2910 vindieat.
401 2847 449 2911 Of.
474 2847 513 2911 ad
539 2850 591 2912 13.
617 2851 669 2911 91.

252 2957 268 3039 ᾧ
294 2959 342 3019 10.
389 2957 449 3021 οὔτ’
478 2959 608 3037 οίδελΦὸς
639 2959 699 3023 οὔτ’
731 2958 822 3029 danos
853 2961 941 3032 οὐδεὶς
976 2960 1066 3037 ἦλθε,
1090 2966 1164 3038 γυνη
1187 2966 1218 3028 δὲ
1240 2966 1305 3046 Φοί-

206 3067 302 3128 σκουσ’
331 3066 422 3139 αὑτῆς
451 3067 539 3132 αὐτόν
561 3064 633 3130 εἶναι
657 3068 772 3141 δοῦλον,
796 3069 1033 3148 ἀμφισβητοῦσα
1057 3074 1097 3152 τῷ
1121 3075 1302 3152 Νικομήδει,

205 3172 265 3235 καί
294 3177 353 3237 οὐκ
381 3178 446 3255 ἔφη
479 3176 597 3240 εἰίσειν
627 3179 738 3240 αὐτὸν
769 3175 887 3252 ι’ίγειν.
933 3177 1113 3242 Notandum
1138 3181 1217 3245 illud
1240 3181 1302 3263 ἔφη

203 3286 274 3364 post
296 3281 455 3363 Φόσκουσα
480 3283 652 3366 (Φοίσκουσα
676 3285 727 3349 καί
751 3285 839 3368 ἔφη);
857 3287 1040 3351 concinnius
1056 3290 1231 3361 fuissetne}
1248 3295 1302 3357 οὐκ

203 3390 280 3453 ε’ὤσα
303 3392 391 3456 αὐτὸν
414 3391 511 3468 ἄνειν.

247 3500 263 3581 d
288 3501 339 3563 ll.
386 3500 493 3564 Minus
522 3507 592 3583 apte
616 3501 691 3564 haec
714 3501 881 3566 dicuntur:
907 3507 947 3576 εἷς
970 3511 1054 3570 τοῦτο
1077 3507 1106 3571 δὲ
1129 3509 1299 3585 βιαιότητος

202 3602 284 3680 ἦλθον
314 3607 344 3674 οί
358 3634 392 3673 τε
415 3609 554 3690 παρόντες
581 3611 756 3690 τούτῳκαὶ
780 3612 886 3683 αὐτὸς
910 3610 1031 3692 οὗτος,
1056 3614 1130 3681 ίίστε
1151 3656 1197 3667 -
1220 3622 1300 3700 eips-

198 3718 312 3793 λόμενοι
331 3717 450 3799 ᾤχοντο.
486 3717 559 3782 Non
579 3719 661 3782 enim
680 3719 813 3783 Peneleo
834 3721 900 3804 ipse
917 3724 1061 3804 οίφείλετο
1082 3725 1135 3790 sed
1152 3729 1294 3808 οὶφηρέθη.

245 3824 373 3890 Collatis
404 3828 486 3890 inter
512 3849 544 3890 se
568 3827 756 3892 sectionibus
784 3831 823 3890 ia
849 3836 880 3892 et
906 3832 945 3892 13
970 3832 1075 3897 videor
1098 3809 1176 3900 mibi
1199 3837 1296 3903 docu-

199 3945 337 4001 mentum
367 3938 521 4013 invenire,
554 3945 741 4021 postremam
773 3961 897 4002 manum
922 3943 1006 4025 operi
1031 3966 1093 4008 non
1118 3950 1292 4013 accessisse.

200 4046 231 4110 Si
263 4049 333 4131 quis
360 4050 376 4132 p
403 4050 440 4110 13
469 4046 553 4130 legat
576 4046 690 4111 solam:
715 4047 758 4112 ότι
781 4049 835 4123 μὲν
858 4047 904 4114 οὖν
927 4056 1099 4127 Πλαταιεὺς
1122 4054 1193 4122 εἶναι
1217 4074 1292 4122 πολ-

199 4163 250 4221 λοῦ
281 4157 339 4232 δεῖ,
372 4154 454 4234 οἶμαι
485 4158 564 4232 ὑμᾶς
596 4159 628 4220 ἐκ
657 4157 766 4221 τούτων
795 4157 902 4236 σχεδόν
928 4185 957 4224 τι
980 4164 1168 4249 γιγνώσκειν·
1193 4163 1235 4233 ότι
1260 4169 1291 4233 δὲ

197 4267 253 4332 οὐδ’
284 4265 386 4342 οὗτος,
418 4264 448 4338 ὃς
479 4263 574 4344 ἄριστ’
602 4261 658 4330 οἶδε
688 4266 729 4330 τόν
759 4266 867 4341 αὑτοῦ,
900 4270 1035 4344 ἡγήσατο
1058 4273 1139 4350 δόξαν
1160 4275 1197 4341 θον
1220 4278 1290 4354 ὑμῖν
