2850 5024
677 365 736 425 191

164 557 247 639 quod
279 557 421 621 Dobreus
446 556 532 620 offert
555 557 678 640 (Aescb.
704 581 729 622 o.
754 558 891 642 Ctesiph.
919 560 970 623 75.
996 559 1049 641 20)
1074 578 1109 620 eo
1133 556 1253 634 differt,

163 666 246 747 quod
278 666 322 729 ibi
356 668 408 739 τὴν
431 666 556 746 διόνοιαν
579 666 720 730 additum
744 675 799 730 est.
846 668 1049 731 Marklandus
1074 666 1255 729 coniiciebat

163 772 280 836 πόντιον
304 776 363 839 αίτ.
389 777 439 848 ἦν.
464 771 520 837 όσα
542 775 670 849 ἐγένοντο
693 777 722 839 ἐν
747 778 859 847 ἐκείνοις
879 785 938 848 τοῖς
956 777 1083 858 χρόνοις,
1100 775 1255 858 Kayserus

164 883 281 946 πόντων
304 879 359 947 όσα
381 883 541 959 γεγένηται
566 884 632 966 (pro
655 881 725 947 όταν
748 885 911 969 γένωνται).
948 885 1068 949 Scheib.
1093 883 1134 948 ότ.
1155 886 1255 948 ταύτόν

164 992 305 1067 γένωνται
338 991 402 1076 (vel
433 991 567 1075 χέονται)
591 994 702 1063 ἐκείνοις
726 1000 785 1065 τοῖς
809 992 927 1072 χρόνοις.
974 994 1033 1058 Sed
1056 995 1104 1058 his
1128 993 1255 1056 adscitis

164 1101 346 1165 coniecturis
370 1100 508 1164 haerebis
532 1101 565 1162 in
585 1102 780 1165 coniunctivo
800 1104 981 1180 ε’νόνμνόῶσι.
1007 1103 1149 1166 Fortasse
1161 1104 1257 1165 rarior

164 1210 262 1272 forma
291 1209 375 1272 verbi
401 1211 554 1286 μιμνήσκεο
582 1210 715 1273 librariis
745 1211 845 1274 fraudi
875 1212 936 1274 fnit
954 1220 985 1275 et
1003 1212 1168 1296 legendum
1192 1219 1255 1276 est:

164 1315 234 1381 όταν
254 1324 421 1395 μεμνῶνται
440 1324 495 1382 τῶν
519 1321 547 1381 ἐν
571 1320 683 1389 ἐκείνοις
706 1326 764 1389 τοῖς
781 1320 900 1399 χρόνοις.
926 1319 963 1382 In
980 1321 1127 1404 proximis
1144 1323 1258 1384 κοίκεῖνο

166 1448 230 1489 esse
254 1426 434 1510 legendum,
459 1449 521 1491 non
544 1430 665 1492 κόκείνοι
688 1429 739 1491 vix
763 1436 809 1491 est
833 1429 917 1511 quod
940 1452 1092 1492 moneam.

210 1538 227 1618 b
252 1539 302 1598 14.
348 1537 416 1599 τότε
447 1536 501 1611 μὲν
532 1536 591 1614 χόιρ
623 1524 702 1612 ὑμᾶς
735 1535 815 1616 ᾤοντ’
850 1538 1032 1616 όρχισόόντας
1061 1536 1257 1614 Λεωδοίμαντ’

166 1644 398 1721 όποδοκιμσίσαι·
424 1646 475 1708 ε’όιν
497 1645 527 1707 δὲ
548 1651 648 1708 τοῦτον
673 1646 867 1726 δοκιμοίσιρτε,
900 1643 932 1708 εὖ
954 1645 1078 1710 εἴσονται
1101 1643 1143 1709 ότι
1167 1648 1197 1708 οὐ
1222 1645 1260 1706 δι-

168 1755 239 1835 καίιρ
261 1756 362 1833 χνόμρ
384 1754 446 1832 περὶ
471 1757 559 1817 αὐτοῦ
583 1754 734 1833 κέχρησθε.
769 1755 956 1833 Ὀρχισόῆναι
981 1754 1094 1817 dicitur
1118 1755 1156 1817 de
1180 1753 1259 1815 iudi-

169 1885 239 1926 cum
270 1863 447 1939 severitntn,
479 1862 628 1944 puniendi
660 1862 781 1939 studio,
815 1863 899 1946 quod
931 1885 1001 1926 oum
1031 1864 1128 1942 δικαία
1158 1862 1260 1941 χνόμρ

170 1973 311 2034 iunctum
334 1993 399 2033 esse
422 1979 533 2053 potest.
566 1971 687 2034 Iniuria
704 1970 874 2035 Leodamas
895 1979 959 2034 erat
980 1970 1170 2054 improbatus
1177 1997 1185 2047 ;
1207 1969 1260 2032 sed

170 2080 287 2162 ignosci
323 2086 443 2162 poterat
477 2078 652 2155 iudicibus,
688 2079 771 2163 quod
803 2079 973 2163 deliquerat
1002 2078 1137 2160 aliquid,
1171 2078 1262 2161 culpa

170 2195 291 2250 tantum
314 2188 409 2250 nimia
432 2188 592 2250 severitate
611 2195 675 2251 erat
693 2196 892 2272 exaggerata;
912 2212 1018 2252 verum
1036 2190 1062 2250 si
1079 2210 1161 2251 nunc
1180 2186 1262 2249 lenes

171 2318 203 2359 se
233 2295 350 2359 iudices
382 2302 588 2380 praestarent,
614 2294 827 2380 appariturum
851 2305 931 2373 erat,
957 2298 1048 2361 aliam
1072 2297 1167 2359 fuisse
1191 2316 1261 2358 cau·

171 2427 235 2468 sam
259 2403 500 2480 condemnandi,
526 2425 654 2486 eamque
677 2405 835 2468 iniustam.
871 2407 966 2484 Ὀρνό
990 2413 1021 2468 et
1040 2404 1200 2484 ὀργίζεσθαι
1223 2402 1262 2464 dc

171 2512 326 2576 indicibus
358 2512 401 2575 sic
434 2513 573 2595 saepius,
606 2513 644 2575 cf.
672 2504 730 2576 19.
764 2516 783 2575 6
816 2520 846 2576 et
870 2516 922 2576 28.
949 2516 988 2574 2:
1014 2515 1148 2593 ὑμέτερον
1171 2512 1263 2576 τοίνυν

172 2623 252 2700 ἔργον
284 2622 379 2695 ἐστίν,
407 2616 428 2684 ὦ
458 2618 556 2700 όίνδρες
579 2621 741 2697 Ἀθηναῖοι,
770 2622 817 2685 ἐπὶ
844 2629 903 2685 τοῖς
927 2622 1060 2692 τοιούτοις
1083 2619 1262 2700 όρχίζεσόαι,
1314 2698 1316 2703 Ι

171 2731 205 2792 in
228 2729 277 2792 bis
301 2728 482 2792 criminibus
506 2751 624 2792 severos
647 2752 701 2793 vos
725 2738 880 2814 praestare
904 2729 1030 2792 iudices.

216 2840 233 2922 b
258 2840 309 2900 15.
357 2838 424 2913 ὑμῖν
455 2838 485 2901 δὲ
517 2839 682 2921 (συμφέρει)
714 2837 787 2902 τόνδ’
820 2838 1055 2918 οίποδοκιμοίσαι,
1084 2835 1181 2911 δόξετε
1204 2837 1264 2915 γαρ
1298 2848 1299 2852 ’

172 2947 300 3009 κόκεῑνον
323 2937 436 3016 δικαίας
458 2947 691 3023 οίποδοκιμοίσαι·
717 2947 776 3011 ἒόιν
798 2947 835 3010 δὲ
858 2947 946 3020 μηδὲ
966 2944 1070 3025 τόνδ’,
1093 2944 1159 3010 οὐδ’
1179 2947 1264 3008 ἐκεῖ·

173 3059 226 3116 νὀν
249 3054 409 3125 δικαίας.
449 3054 481 3116 Si
504 3055 537 3118 in
560 3055 659 3118 verbis
683 3056 893 3131 haerebimus,
919 3052 1087 3139 probabilis
1110 3052 1262 3115 videbitur

173 3163 264 3225 lectio
295 3162 482 3225 Florentini:
515 3164 565 3228 ε’όιν
596 3165 643 3228 δὲ’
655 3167 697 3240 μὴ
724 3164 809 3230 τόνδ’.
845 3163 948 3227 Verba
971 3164 1051 3227 enim
1077 3155 1262 3245 quae'nunc

174 3271 318 3354 leguntur
349 3279 476 3334 sonant:
510 3274 558 3349 „si
588 3295 625 3337 ne
654 3278 733 3337 όιικο
756 3277 874 3356 quidem
896 3271 1172 3357 improbaveritis.”
1219 3272 1262 3331 At

175 3379 252 3441 alter
276 3378 470 3462 (Leodamas)
493 3380 684 3463 improbatus
707 3382 815 3444 fuerat.
863 3381 923 3445 Sed
954 3381 993 3445 ad
1016 3379 1198 3444 sententiam
1222 3386 1266 3440 at·

175 3486 379 3565 tendendum,
409 3510 487 3572 quae
512 3489 587 3552 hacc
610 3497 673 3552 est:
698 3490 724 3552 si
747 3512 786 3553 ne
809 3490 848 3553 de
871 3490 930 3553 hoo
953 3489 1077 3572 quidem
1101 3489 1184 3550 iusta
1207 3493 1267 3549 sta-

175 3595 313 3671 tueritis,
337 3596 435 3659 nihilo
458 3597 556 3679 magis
580 3596 618 3659 de
641 3597 695 3660 illo
719 3597 907 3662 videbimini.
948 3597 1003 3660 Vis
1028 3596 1197 3660 sententiae
1220 3601 1266 3658 est

177 3705 209 3766 in
233 3705 364 3784 δικαίως,
389 3705 477 3767 cuius
500 3706 586 3768 notio
610 3728 628 3768 a
648 3684 763 3789 protasi
783 3728 846 3769 non
864 3706 987 3770 exclusa
1009 3714 1065 3769 est.
1090 3705 1267 3788 Veroprae·

177 3820 260 3874 terea
288 3810 457 3895 Sauppius,
491 3834 538 3894 ep.
564 3813 630 3876 crit.
656 3836 685 3896 p.
710 3816 765 3879 17:
790 3815 861 3891 „uti
884 3815 936 3877 καί
957 3815 990 3877 in
1014 3812 1173 3876 sententiis
1197 3833 1267 3874 con·

178 3918 404 3995 „dicionalibus
437 3919 484 3981 vel
513 3921 793 4002 comparationibus
817 3922 865 3986 bis
889 3921 963 4005 poni
986 3920 1083 3996 solet,
1108 3920 1152 3982 sic
1176 3919 1268 4002 parti·

178 4028 304 4104 „culam
326 4028 499 4110 negativam
525 4029 757 4111 [compositamt
782 4030 859 4111 οὐδέ,
880 4029 967 4111 μηδὲ]
991 4029 1113 4110 utrique
1131 4026 1268 4090 membro

179 4133 341 4211 „videmus
365 4134 501 4198 additam
525 4135 622 4198 esse.”
667 4135 729 4198 Pro
752 4138 794 4213 μή
818 4137 915 4219 igitur
938 4136 1010 4213 μηδὲ
1035 4137 1179 4218 positum.

225 4244 242 4325 r}
267 4245 317 4307 17.
364 4245 395 4306 οὐ
422 4243 481 4321 χόιρ
512 4242 654 4313 ἐλόττονς
685 4243 792 4307 τούτων
824 4248 840 4318 ἡ
870 4244 955 4314 πόλις
979 4245 1119 4320 τετίμηκε
1142 4249 1198 4307 τῶν
1221 4239 1269 4304 ἐπὶ
